03/10/2014,05:43:45.676,37.7,0.0,300,0
03/10/2014,05:43:45.676,37.7,37.73,300,600
03/10/2014,07:00:11.938,37.73,37.73,19,600
03/10/2014,07:00:13.948,37.73,37.0,19,16
03/10/2014,07:00:15.456,37.73,37.0,19,284
03/10/2014,07:00:23.983,37.73,37.0,98,284
03/10/2014,07:00:24.478,37.75,37.0,20,284
03/10/2014,07:00:26.498,37.75,37.0,40,284
03/10/2014,07:01:02.643,37.75,37.0,67,284
03/10/2014,07:01:04.644,38.0,37.0,14,284
03/10/2014,07:02:09.894,38.0,37.0,254,284
03/10/2014,07:04:14.357,38.5,37.0,400,284
03/10/2014,07:30:01.135,39.67,37.0,3700,284
03/10/2014,07:30:01.633,39.69,37.0,3700,284
03/10/2014,08:04:33.724,39.69,36.0,3700,400
03/10/2014,08:15:22.734,39.69,35.0,3700,1000
03/10/2014,08:30:40.769,39.69,35.0,3700,1600
03/10/2014,08:30:42.792,39.69,35.0,3700,2070
03/10/2014,08:37:26.318,39.44,35.0,3700,2070
03/10/2014,08:39:44.459,39.58,35.0,3700,2070
03/10/2014,08:42:53.604,39.58,34.5,3700,1300
03/10/2014,08:53:36.060,39.8,34.5,113,1300
03/10/2014,09:10:39.087,39.8,34.5,113,6300
03/10/2014,09:11:00.082,39.8,34.5,113,1300
03/10/2014,09:15:25.093,39.8,34.5,113,2950
03/10/2014,09:28:08.048,39.8,34.5,113,3210
03/10/2014,09:31:17.851,39.8,34.5,733,3210
03/10/2014,09:32:37.095,39.8,34.5,733,5710
03/10/2014,09:36:08.894,39.8,34.5,733,6010
03/10/2014,09:37:26.753,40.73,34.5,1297,6010
03/10/2014,09:44:38.356,40.73,34.5,1297,7010
03/10/2014,09:45:18.005,40.73,34.5,1297,6710
03/10/2014,09:45:32.057,40.73,34.5,1297,6920
03/10/2014,09:52:07.100,40.73,34.12,1297,13021
03/10/2014,09:54:32.157,40.73,34.5,1297,6920
03/10/2014,09:54:41.681,40.73,34.12,1297,6510
03/10/2014,09:59:09.714,40.73,34.5,1297,6920
03/10/2014,09:59:15.246,40.73,34.08,1297,6510
03/10/2014,10:00:04.498,36.77,34.08,1000,6510
03/10/2014,10:00:04.498,36.77,36.78,1000,16228
03/10/2014,10:00:04.962,36.77,36.78,415,16228
03/10/2014,10:00:05.929,36.77,36.78,573,16228
03/10/2014,10:00:05.929,36.77,36.78,573,17996
03/10/2014,10:00:06.430,36.77,36.78,573,18009
03/10/2014,10:00:07.005,36.77,36.78,588,18009
03/10/2014,10:00:07.474,36.77,36.78,599,18009
03/10/2014,10:00:08.053,36.77,36.78,985,18009
03/10/2014,10:00:08.053,36.77,36.78,985,18156
03/10/2014,10:00:08.444,36.77,36.78,970,18156
03/10/2014,10:00:09.013,36.75,36.78,18522,18156
03/10/2014,10:00:09.013,36.75,36.77,18522,273
03/10/2014,10:00:09.462,36.75,36.77,18222,273
03/10/2014,10:00:10.027,36.75,36.77,18222,409
03/10/2014,10:00:10.477,36.75,36.77,17822,409
03/10/2014,10:00:10.477,36.75,36.78,17822,15212
03/10/2014,10:00:11.040,36.75,36.78,17822,17867
03/10/2014,10:00:13.006,36.75,36.78,16822,17867
03/10/2014,10:00:15.018,36.75,36.77,16822,1000
03/10/2014,10:00:15.530,36.74,36.77,15,1000
03/10/2014,10:00:15.530,36.74,36.75,15,2963
03/10/2014,10:00:16.017,36.72,36.75,3000,2963
03/10/2014,10:00:16.017,36.72,36.74,3000,403
03/10/2014,10:00:16.474,36.72,36.74,3000,604
03/10/2014,10:00:18.516,36.72,36.74,3000,751
03/10/2014,10:00:19.028,36.72,36.75,3000,6974
03/10/2014,10:00:19.592,36.72,36.75,3000,8239
03/10/2014,10:00:22.555,36.72,36.73,3000,5000
03/10/2014,10:00:22.999,36.72,36.73,3000,7500
03/10/2014,10:00:24.571,36.72,36.73,3000,10030
03/10/2014,10:00:25.021,36.72,36.73,2001,10030
03/10/2014,10:00:25.021,36.72,36.73,2001,7500
03/10/2014,10:00:26.522,36.73,36.73,2501,7500
03/10/2014,10:00:26.522,36.73,36.75,2501,2963
03/10/2014,10:00:27.077,36.73,36.75,4132,2963
03/10/2014,10:00:27.077,36.73,36.75,4132,4444
03/10/2014,10:00:27.571,36.73,36.75,4132,3444
03/10/2014,10:00:28.529,36.73,36.75,4132,2644
03/10/2014,10:00:34.554,36.73,36.75,3974,2644
03/10/2014,10:00:34.554,36.73,36.75,3974,144
03/10/2014,10:00:35.057,36.73,36.75,3813,144
03/10/2014,10:00:35.057,36.73,36.75,3813,165
03/10/2014,10:00:35.574,36.74,36.75,2000,165
03/10/2014,10:00:35.574,36.74,36.75,2000,164
03/10/2014,10:00:37.130,36.74,36.75,3631,164
03/10/2014,10:00:38.658,36.74,36.75,3768,164
03/10/2014,10:00:39.661,36.73,36.75,2182,164
03/10/2014,10:00:39.661,36.73,36.75,2182,4631
03/10/2014,10:00:40.076,36.73,36.75,2182,5131
03/10/2014,10:00:40.675,36.73,36.75,147,5131
03/10/2014,10:00:40.675,36.73,36.75,147,4610
03/10/2014,10:00:41.134,36.73,36.74,147,203
03/10/2014,10:00:41.632,36.73,36.74,147,304
03/10/2014,10:00:43.090,36.73,36.74,147,312
03/10/2014,10:00:45.650,36.73,36.74,147,339
03/10/2014,10:00:46.145,36.73,36.74,147,1585
03/10/2014,10:00:46.640,36.73,36.74,147,2202
03/10/2014,10:00:47.106,36.73,36.74,147,2203
03/10/2014,10:00:48.598,36.72,36.74,2000,2203
03/10/2014,10:00:48.598,36.72,36.73,2000,6114
03/10/2014,10:00:49.153,36.72,36.73,2000,8540
03/10/2014,10:00:49.683,36.72,36.73,2000,9171
03/10/2014,10:00:50.170,36.72,36.73,2000,9121
03/10/2014,10:00:50.663,36.72,36.73,2000,9324
03/10/2014,10:00:51.157,36.72,36.73,2000,4521
03/10/2014,10:00:54.640,36.72,36.73,2000,4526
03/10/2014,10:00:56.641,36.72,36.73,2000,3484
03/10/2014,10:00:58.639,36.72,36.73,1797,3484
03/10/2014,10:00:58.639,36.72,36.73,1797,3281
03/10/2014,10:01:00.204,36.71,36.73,10132,3281
03/10/2014,10:01:00.204,36.71,36.72,10132,9422
03/10/2014,10:01:00.690,36.71,36.72,10132,9628
03/10/2014,10:01:01.206,36.7,36.72,1829,9628
03/10/2014,10:01:01.206,36.7,36.72,1829,14339
03/10/2014,10:01:01.700,36.7,36.72,1829,14442
03/10/2014,10:01:03.158,36.7,36.72,1824,14442
03/10/2014,10:01:03.158,36.7,36.72,1824,14236
03/10/2014,10:01:04.210,36.7,36.72,1932,14236
03/10/2014,10:01:05.768,36.68,36.72,1135,14236
03/10/2014,10:01:05.768,36.68,36.69,1135,354
03/10/2014,10:01:06.223,36.68,36.69,535,354
03/10/2014,10:01:06.223,36.68,36.69,535,573
03/10/2014,10:01:06.779,36.68,36.7,535,26138
03/10/2014,10:01:07.230,36.65,36.7,10075,26138
03/10/2014,10:01:07.736,36.65,36.7,10075,26251
03/10/2014,10:01:08.232,36.65,36.7,11476,26251
03/10/2014,10:01:08.232,36.65,36.7,11476,23788
03/10/2014,10:01:08.781,36.65,36.7,11749,23788
03/10/2014,10:01:08.781,36.65,36.68,11749,335
03/10/2014,10:01:09.232,36.65,36.68,11750,335
03/10/2014,10:01:09.232,36.65,36.68,11750,167
03/10/2014,10:01:09.745,36.65,36.68,11750,58
03/10/2014,10:01:10.238,36.65,36.68,2431,58
03/10/2014,10:01:10.238,36.65,36.68,2431,66
03/10/2014,10:01:10.784,36.65,36.7,2431,14620
03/10/2014,10:01:11.235,36.65,36.7,1,14620
03/10/2014,10:01:11.235,36.65,36.7,1,12282
03/10/2014,10:01:11.752,36.65,36.7,1,16854
03/10/2014,10:01:13.231,36.65,36.69,1,3556
03/10/2014,10:01:14.246,36.65,36.69,1,4149
03/10/2014,10:01:15.271,36.64,36.69,1489,4149
03/10/2014,10:01:15.271,36.64,36.68,1489,800
03/10/2014,10:01:15.836,36.64,36.68,1626,800
03/10/2014,10:01:16.224,36.64,36.68,1626,1200
03/10/2014,10:01:17.264,36.64,36.68,1952,1200
03/10/2014,10:01:19.262,36.64,36.68,286,1200
03/10/2014,10:01:19.772,36.64,36.66,286,142
03/10/2014,10:01:20.284,36.64,36.66,286,213
03/10/2014,10:01:21.222,36.63,36.66,4733,213
03/10/2014,10:01:21.729,36.63,36.66,4733,863
03/10/2014,10:01:22.286,36.63,36.66,4733,1188
03/10/2014,10:01:25.820,36.63,36.66,4433,1188
03/10/2014,10:01:26.309,36.63,36.66,3969,1188
03/10/2014,10:01:29.264,36.63,36.65,3969,277
03/10/2014,10:01:29.754,36.63,36.65,3969,415
03/10/2014,10:01:30.281,36.63,36.65,2549,415
03/10/2014,10:01:30.770,36.62,36.65,1181,415
03/10/2014,10:01:30.770,36.62,36.65,1181,1065
03/10/2014,10:01:31.265,36.62,36.65,1181,1390
03/10/2014,10:01:32.281,36.62,36.64,1181,2371
03/10/2014,10:01:32.777,36.62,36.64,1181,3556
03/10/2014,10:01:33.808,36.62,36.64,1831,3556
03/10/2014,10:01:33.808,36.62,36.64,1831,274
03/10/2014,10:01:34.319,36.62,36.64,1831,1641
03/10/2014,10:01:34.788,36.63,36.64,2000,1641
03/10/2014,10:01:35.335,36.62,36.64,904,1641
03/10/2014,10:01:35.335,36.62,36.63,904,1286
03/10/2014,10:01:35.797,36.62,36.63,904,1947
03/10/2014,10:01:36.290,36.62,36.63,755,1947
03/10/2014,10:01:36.290,36.62,36.63,755,691
03/10/2014,10:01:37.278,36.62,36.63,755,661
03/10/2014,10:01:38.360,36.65,36.63,20486,661
03/10/2014,10:01:38.360,36.65,36.68,20486,1344
03/10/2014,10:01:38.805,36.65,36.68,20486,1894
03/10/2014,10:01:39.300,36.66,36.68,650,1894
03/10/2014,10:01:39.300,36.66,36.69,650,1008
03/10/2014,10:01:39.803,36.66,36.69,650,1757
03/10/2014,10:01:44.369,36.66,36.69,12787,1757
03/10/2014,10:01:47.867,36.7,36.69,19846,1757
03/10/2014,10:01:47.867,36.7,36.74,19846,1237
03/10/2014,10:01:48.430,36.7,36.73,19846,650
03/10/2014,10:01:48.886,36.7,36.73,20496,650
03/10/2014,10:01:48.886,36.7,36.74,20496,1291
03/10/2014,10:01:49.380,36.7,36.74,20496,1499
03/10/2014,10:01:50.403,36.71,36.74,650,1499
03/10/2014,10:01:50.403,36.71,36.74,650,43
03/10/2014,10:01:50.832,36.71,36.74,650,880
03/10/2014,10:01:59.872,36.7,36.74,1285,880
03/10/2014,10:01:59.872,36.7,36.74,1285,1093
03/10/2014,10:02:00.446,36.7,36.74,612,1093
03/10/2014,10:02:00.446,36.7,36.73,612,1450
03/10/2014,10:02:00.931,36.7,36.73,2385,1450
03/10/2014,10:02:00.931,36.7,36.73,2385,2175
03/10/2014,10:02:01.444,36.71,36.73,5000,2175
03/10/2014,10:02:01.444,36.71,36.73,5000,1525
03/10/2014,10:02:01.930,36.71,36.73,5139,1525
03/10/2014,10:02:02.929,36.71,36.73,6775,1525
03/10/2014,10:02:03.443,36.71,36.73,7475,1525
03/10/2014,10:02:03.885,36.71,36.73,7475,2117
03/10/2014,10:02:04.390,36.71,36.73,2033,2117
03/10/2014,10:02:04.390,36.71,36.73,2033,2600
03/10/2014,10:02:04.956,36.71,36.73,700,2600
03/10/2014,10:02:04.956,36.71,36.73,700,2812
03/10/2014,10:02:06.418,36.71,36.73,326,2812
03/10/2014,10:02:06.942,36.71,36.73,326,3325
03/10/2014,10:02:07.466,36.71,36.73,501,3325
03/10/2014,10:02:07.466,36.71,36.72,501,58
03/10/2014,10:02:07.963,36.71,36.72,127,58
03/10/2014,10:02:07.963,36.71,36.72,127,158
03/10/2014,10:02:09.022,36.7,36.72,253,158
03/10/2014,10:02:09.022,36.7,36.71,253,431
03/10/2014,10:02:09.970,36.7,36.71,253,646
03/10/2014,10:02:12.468,36.7,36.71,253,2901
03/10/2014,10:02:12.988,36.7,36.71,253,3157
03/10/2014,10:02:13.976,36.7,36.71,2253,3157
03/10/2014,10:02:14.481,36.73,36.71,25785,3157
03/10/2014,10:02:14.481,36.73,36.75,25785,3876
03/10/2014,10:02:14.933,36.73,36.75,3749,3876
03/10/2014,10:02:14.933,36.73,36.74,3749,2
03/10/2014,10:02:15.486,36.73,36.74,3749,9
03/10/2014,10:02:17.464,36.73,36.74,4356,9
03/10/2014,10:02:17.464,36.73,36.74,4356,208
03/10/2014,10:02:18.045,36.7,36.74,3318,208
03/10/2014,10:02:18.045,36.7,36.74,3318,962
03/10/2014,10:02:18.973,36.7,36.74,3318,1287
03/10/2014,10:02:20.518,36.7,36.73,3318,3000
03/10/2014,10:02:21.503,36.7,36.73,2699,3000
03/10/2014,10:02:21.503,36.7,36.73,2699,5761
03/10/2014,10:02:22.014,36.7,36.73,2699,6384
03/10/2014,10:02:22.501,36.7,36.73,2699,6391
03/10/2014,10:02:23.011,36.7,36.73,699,6391
03/10/2014,10:02:24.013,36.7,36.73,699,7135
03/10/2014,10:02:24.468,36.7,36.73,328,7135
03/10/2014,10:02:24.468,36.7,36.73,328,7507
03/10/2014,10:02:25.034,36.7,36.73,328,7413
03/10/2014,10:02:25.535,36.7,36.73,328,7425
03/10/2014,10:02:26.090,36.7,36.73,328,12425
03/10/2014,10:02:26.535,36.7,36.73,328,14884
03/10/2014,10:02:29.518,36.7,36.73,978,14884
03/10/2014,10:02:29.518,36.7,36.73,978,14614
03/10/2014,10:02:32.011,36.71,36.73,10001,14614
03/10/2014,10:02:32.011,36.71,36.73,10001,13964
03/10/2014,10:02:33.556,36.71,36.73,11401,13964
03/10/2014,10:02:34.572,36.71,36.73,12051,13964
03/10/2014,10:02:34.572,36.71,36.73,12051,2331
03/10/2014,10:02:35.040,36.71,36.73,12051,1446
03/10/2014,10:02:35.560,36.71,36.73,12051,2169
03/10/2014,10:02:36.542,36.72,36.73,650,2169
03/10/2014,10:02:36.542,36.72,36.74,650,1943
03/10/2014,10:02:37.075,36.72,36.74,279,1943
03/10/2014,10:02:37.075,36.72,36.74,279,1967
03/10/2014,10:02:40.033,36.73,36.74,1000,1967
03/10/2014,10:02:40.613,36.73,36.74,6000,1967
03/10/2014,10:02:43.102,36.73,36.74,5960,1967
03/10/2014,10:02:43.553,36.73,36.74,6012,1967
03/10/2014,10:02:44.619,36.73,36.74,7083,1967
03/10/2014,10:02:45.071,36.73,36.74,7083,3537
03/10/2014,10:02:45.635,36.74,36.74,5323,3537
03/10/2014,10:02:45.635,36.74,36.75,5323,4529
03/10/2014,10:02:46.092,36.74,36.75,5323,4667
03/10/2014,10:02:47.655,36.74,36.75,9775,4667
03/10/2014,10:02:49.066,36.74,36.75,10425,4667
03/10/2014,10:02:49.066,36.74,36.76,10425,3377
03/10/2014,10:02:50.627,36.74,36.76,12310,3377
03/10/2014,10:02:53.622,36.74,36.76,12310,3477
03/10/2014,10:02:58.660,36.74,36.76,12447,3477
03/10/2014,10:03:04.733,36.75,36.76,200,3477
03/10/2014,10:03:04.733,36.75,36.76,200,3467
03/10/2014,10:03:05.184,36.75,36.76,356,3467
03/10/2014,10:03:08.197,36.75,36.76,2144,3467
03/10/2014,10:03:09.671,36.76,36.76,6583,3467
03/10/2014,10:03:09.671,36.76,36.77,6583,1588
03/10/2014,10:03:10.268,36.76,36.77,5351,1588
03/10/2014,10:03:10.268,36.76,36.77,5351,3360
03/10/2014,10:03:10.718,36.76,36.77,5524,3360
03/10/2014,10:03:10.718,36.76,36.77,5524,3771
03/10/2014,10:03:13.730,36.78,36.77,14729,3771
03/10/2014,10:03:13.730,36.78,36.8,14729,2000
03/10/2014,10:03:14.181,36.78,36.8,12850,2000
03/10/2014,10:03:14.181,36.78,36.79,12850,137
03/10/2014,10:03:14.748,36.78,36.79,12848,137
03/10/2014,10:03:15.199,36.78,36.79,12847,137
03/10/2014,10:03:15.199,36.78,36.79,12847,205
03/10/2014,10:03:15.712,36.78,36.79,185,205
03/10/2014,10:03:17.226,36.78,36.79,249,205
03/10/2014,10:03:19.209,36.76,36.79,6067,205
03/10/2014,10:03:19.773,36.76,36.79,6001,205
03/10/2014,10:03:20.704,36.76,36.8,6001,6015
03/10/2014,10:03:21.267,36.76,36.8,5351,6015
03/10/2014,10:03:21.267,36.76,36.78,5351,408
03/10/2014,10:03:21.756,36.76,36.78,5354,408
03/10/2014,10:03:22.233,36.76,36.78,5354,3112
03/10/2014,10:03:22.745,36.76,36.78,5354,4362
03/10/2014,10:03:24.203,36.76,36.78,3,4362
03/10/2014,10:03:24.203,36.76,36.78,3,86
03/10/2014,10:03:24.715,36.76,36.78,3,1459
03/10/2014,10:03:25.260,36.76,36.78,3,1573
03/10/2014,10:03:25.771,36.76,36.78,3,1612
03/10/2014,10:03:26.820,36.75,36.78,3432,1612
03/10/2014,10:03:26.820,36.75,36.77,3432,20
03/10/2014,10:03:27.271,36.75,36.78,3432,643
03/10/2014,10:03:27.769,36.75,36.78,3910,643
03/10/2014,10:03:28.222,36.75,36.77,3910,5
03/10/2014,10:03:28.726,36.75,36.78,3910,643
03/10/2014,10:03:30.277,36.76,36.78,200,643
03/10/2014,10:03:31.304,36.76,36.78,200,1129
03/10/2014,10:03:39.314,36.76,36.78,851,1129
03/10/2014,10:03:39.314,36.76,36.79,851,529
03/10/2014,10:03:39.803,36.76,36.78,851,546
03/10/2014,10:03:40.317,36.76,36.78,201,546
03/10/2014,10:03:40.821,36.76,36.78,245,546
03/10/2014,10:03:40.821,36.76,36.78,245,781
03/10/2014,10:03:42.881,36.76,36.78,895,781
03/10/2014,10:03:42.881,36.76,36.78,895,224
03/10/2014,10:03:43.332,36.76,36.78,895,335
03/10/2014,10:03:43.808,36.76,36.78,245,335
03/10/2014,10:03:43.808,36.76,36.78,245,336
03/10/2014,10:03:45.334,36.76,36.78,245,117
03/10/2014,10:03:51.801,36.76,36.78,246,117
03/10/2014,10:03:51.801,36.76,36.78,246,8157
03/10/2014,10:03:52.323,36.76,36.78,246,11662
03/10/2014,10:03:52.862,36.76,36.78,2766,11662
03/10/2014,10:03:52.862,36.76,36.78,2766,11594
03/10/2014,10:03:53.414,36.75,36.78,1844,11594
03/10/2014,10:03:53.414,36.75,36.77,1844,663
03/10/2014,10:03:53.869,36.75,36.77,1844,991
03/10/2014,10:03:54.330,36.75,36.77,2408,991
03/10/2014,10:03:54.364,36.75,36.77,2408,994
03/10/2014,10:03:56.371,36.75,36.77,2545,994
03/10/2014,10:03:57.327,36.75,36.77,2686,994
03/10/2014,10:03:57.327,36.75,36.77,2686,2592
03/10/2014,10:03:57.881,36.75,36.77,2686,3376
03/10/2014,10:03:58.434,36.76,36.77,5141,3376
03/10/2014,10:03:58.434,36.76,36.77,5141,2741
03/10/2014,10:03:58.894,36.76,36.77,3095,2741
03/10/2014,10:04:00.944,36.75,36.77,2408,2741
03/10/2014,10:04:00.944,36.75,36.77,2408,3391
03/10/2014,10:04:01.889,36.75,36.77,2450,3391
03/10/2014,10:04:04.456,36.73,36.77,2718,3391
03/10/2014,10:04:04.456,36.73,36.75,2718,2580
03/10/2014,10:04:04.906,36.73,36.75,2718,3855
03/10/2014,10:04:05.367,36.73,36.75,2718,3870
03/10/2014,10:04:12.892,36.74,36.75,650,3870
03/10/2014,10:04:12.892,36.74,36.76,650,1948
03/10/2014,10:04:17.967,36.73,36.76,7038,1948
03/10/2014,10:04:20.508,36.73,36.76,7083,1948
03/10/2014,10:04:21.522,36.74,36.76,1,1948
03/10/2014,10:04:36.587,36.75,36.76,485,1948
03/10/2014,10:04:37.575,36.75,36.76,552,1948
03/10/2014,10:04:39.040,36.75,36.76,1203,1948
03/10/2014,10:04:39.040,36.75,36.78,1203,4322
03/10/2014,10:04:39.554,36.75,36.78,1203,4693
03/10/2014,10:04:40.032,36.75,36.78,1691,4693
03/10/2014,10:04:42.550,36.75,36.78,1041,4693
03/10/2014,10:04:42.550,36.75,36.77,1041,3500
03/10/2014,10:04:43.113,36.75,36.77,1041,6301
03/10/2014,10:04:43.564,36.75,36.77,1095,6301
03/10/2014,10:04:43.564,36.75,36.77,1095,6826
03/10/2014,10:04:44.552,36.75,36.77,1095,7941
03/10/2014,10:04:45.566,36.75,36.77,2760,7941
03/10/2014,10:04:48.601,36.75,36.77,2762,7941
03/10/2014,10:04:49.052,36.76,36.77,1737,7941
03/10/2014,10:04:49.544,36.76,36.77,540,7941
03/10/2014,10:04:49.615,36.76,36.77,540,7198
03/10/2014,10:04:50.087,36.76,36.77,542,7198
03/10/2014,10:04:50.599,36.76,36.77,537,7198
03/10/2014,10:04:51.034,36.76,36.77,629,7198
03/10/2014,10:04:55.640,36.76,36.77,629,7197
03/10/2014,10:04:56.666,36.77,36.77,5304,7197
03/10/2014,10:04:56.666,36.77,36.78,5304,7099
03/10/2014,10:04:57.112,36.77,36.78,5415,7099
03/10/2014,10:05:00.623,36.77,36.78,808,7099
03/10/2014,10:05:03.700,36.77,36.78,628,7099
03/10/2014,10:05:03.700,36.77,36.78,628,5468
03/10/2014,10:05:06.094,36.77,36.78,628,4246
03/10/2014,10:05:07.672,36.76,36.78,1047,4246
03/10/2014,10:05:07.672,36.76,36.78,1047,3579
03/10/2014,10:05:08.685,36.76,36.78,1396,3579
03/10/2014,10:05:17.151,36.76,36.78,1398,3579
03/10/2014,10:05:17.151,36.76,36.78,1398,9229
03/10/2014,10:05:17.648,36.76,36.78,1398,10782
03/10/2014,10:05:21.678,36.76,36.78,120,10782
03/10/2014,10:05:22.156,36.76,36.78,437,10782
03/10/2014,10:05:23.730,36.75,36.78,2718,10782
03/10/2014,10:05:25.177,36.76,36.78,800,10782
03/10/2014,10:05:25.732,36.75,36.78,8456,10782
03/10/2014,10:05:26.721,36.75,36.78,8457,10782
03/10/2014,10:05:26.721,36.75,36.78,8457,8874
03/10/2014,10:05:27.223,36.75,36.78,7721,8874
03/10/2014,10:05:27.223,36.75,36.78,7721,8956
03/10/2014,10:05:27.779,36.75,36.78,7721,7606
03/10/2014,10:05:28.783,36.76,36.78,500,7606
03/10/2014,10:05:29.244,36.75,36.78,7721,7606
03/10/2014,10:05:32.320,36.75,36.78,7071,7606
03/10/2014,10:05:32.320,36.75,36.77,7071,2869
03/10/2014,10:05:32.776,36.75,36.77,7071,4303
03/10/2014,10:05:33.227,36.76,36.77,800,4303
03/10/2014,10:05:33.698,36.76,36.77,800,5576
03/10/2014,10:05:34.261,36.76,36.77,693,5576
03/10/2014,10:05:34.712,36.76,36.77,693,6192
03/10/2014,10:05:40.743,36.76,36.77,416,6192
03/10/2014,10:05:40.743,36.76,36.77,416,1187
03/10/2014,10:05:41.307,36.76,36.77,416,1492
03/10/2014,10:05:44.756,36.76,36.77,416,692
03/10/2014,10:05:45.748,36.75,36.77,6896,692
03/10/2014,10:05:45.754,36.75,36.77,6896,8080
03/10/2014,10:05:46.242,36.75,36.77,6896,8731
03/10/2014,10:05:49.812,36.76,36.77,800,8731
03/10/2014,10:06:01.361,36.76,36.77,800,9858
03/10/2014,10:06:01.831,36.76,36.77,800,10422
03/10/2014,10:06:08.400,36.75,36.77,7396,10422
03/10/2014,10:06:08.400,36.75,36.76,7396,1279
03/10/2014,10:06:09.433,36.75,36.76,7396,1820
03/10/2014,10:06:09.877,36.75,36.76,7463,1820
03/10/2014,10:06:09.877,36.75,36.76,7463,1918
03/10/2014,10:06:12.962,36.73,36.76,531,1918
03/10/2014,10:06:12.962,36.73,36.75,531,23
03/10/2014,10:06:13.352,36.73,36.75,531,26
03/10/2014,10:06:13.864,36.72,36.75,18556,26
03/10/2014,10:06:13.864,36.72,36.75,18556,1570
03/10/2014,10:06:14.409,36.72,36.75,18556,1736
03/10/2014,10:06:14.921,36.72,36.75,8646,1736
03/10/2014,10:06:14.921,36.72,36.74,8646,975
03/10/2014,10:06:15.378,36.72,36.74,8646,675
03/10/2014,10:06:15.864,36.72,36.74,8646,1562
03/10/2014,10:06:16.377,36.75,36.74,1,1562
03/10/2014,10:06:16.377,36.75,36.76,1,392
03/10/2014,10:06:16.916,36.74,36.76,4633,392
03/10/2014,10:06:16.916,36.74,36.75,4633,1310
03/10/2014,10:06:17.475,36.74,36.75,4559,1310
03/10/2014,10:06:17.475,36.74,36.75,4559,552
03/10/2014,10:06:17.928,36.71,36.75,10241,552
03/10/2014,10:06:17.928,36.71,36.72,10241,1019
03/10/2014,10:06:18.417,36.71,36.72,10550,1019
03/10/2014,10:06:18.417,36.71,36.75,10550,1037
03/10/2014,10:06:19.438,36.71,36.75,10550,1555
03/10/2014,10:06:21.446,36.71,36.75,13085,1555
03/10/2014,10:06:21.897,36.71,36.75,2573,1555
03/10/2014,10:06:21.897,36.71,36.73,2573,650
03/10/2014,10:06:22.408,36.71,36.72,2573,387
03/10/2014,10:06:22.936,36.71,36.72,2573,1605
03/10/2014,10:06:23.499,36.7,36.72,416,1605
03/10/2014,10:06:23.499,36.7,36.72,416,2768
03/10/2014,10:06:23.952,36.7,36.72,416,3093
03/10/2014,10:06:26.422,36.7,36.72,876,3093
03/10/2014,10:06:29.455,36.7,36.72,728,3093
03/10/2014,10:06:29.949,36.67,36.72,1454,3093
03/10/2014,10:06:29.949,36.67,36.71,1454,1682
03/10/2014,10:06:30.478,36.7,36.71,802,1682
03/10/2014,10:06:30.478,36.7,36.71,802,1548
03/10/2014,10:06:30.967,36.66,36.71,8498,1548
03/10/2014,10:06:30.967,36.66,36.7,8498,1452
03/10/2014,10:06:31.431,36.66,36.7,8498,2178
03/10/2014,10:06:32.020,36.66,36.7,8498,3239
03/10/2014,10:06:32.471,36.67,36.7,680,3239
03/10/2014,10:06:32.471,36.67,36.7,680,3769
03/10/2014,10:06:33.035,36.67,36.7,2315,3769
03/10/2014,10:06:33.035,36.67,36.7,2315,2317
03/10/2014,10:06:35.453,36.68,36.7,30,2317
03/10/2014,10:06:36.964,36.68,36.7,1665,2317
03/10/2014,10:06:37.989,36.68,36.7,2202,2317
03/10/2014,10:06:38.499,36.69,36.7,30,2317
03/10/2014,10:06:39.474,36.68,36.7,2172,2317
03/10/2014,10:06:40.009,36.69,36.7,29,2317
03/10/2014,10:06:40.990,36.68,36.7,537,2317
03/10/2014,10:06:40.990,36.68,36.69,537,1635
03/10/2014,10:06:41.506,36.68,36.69,537,2452
03/10/2014,10:06:42.005,36.69,36.69,29,2452
03/10/2014,10:06:42.005,36.69,36.7,29,1061
03/10/2014,10:06:42.569,36.68,36.7,2164,1061
03/10/2014,10:06:42.569,36.68,36.7,2164,1516
03/10/2014,10:06:43.006,36.7,36.7,1038,1516
03/10/2014,10:06:43.006,36.7,36.71,1038,1127
03/10/2014,10:06:43.590,36.68,36.71,529,1127
03/10/2014,10:06:43.590,36.68,36.7,529,1039
03/10/2014,10:06:44.050,36.68,36.7,30,1039
03/10/2014,10:06:44.050,36.68,36.7,30,2776
03/10/2014,10:06:44.583,36.68,36.7,30,1332
03/10/2014,10:06:45.068,36.68,36.7,31,1332
03/10/2014,10:06:45.068,36.68,36.7,31,1323
03/10/2014,10:06:45.534,36.67,36.7,645,1323
03/10/2014,10:06:45.534,36.67,36.7,645,1225
03/10/2014,10:06:46.077,36.68,36.7,31,1225
03/10/2014,10:06:46.077,36.68,36.7,31,504
03/10/2014,10:06:46.559,36.66,36.7,10433,504
03/10/2014,10:06:46.559,36.66,36.7,10433,1190
03/10/2014,10:06:47.022,36.66,36.7,10433,1010
03/10/2014,10:06:47.544,36.68,36.7,29,1010
03/10/2014,10:06:47.544,36.68,36.7,29,887
03/10/2014,10:06:55.044,36.68,36.7,529,887
03/10/2014,10:06:56.591,36.68,36.7,621,887
03/10/2014,10:06:57.605,36.68,36.7,623,887
03/10/2014,10:07:02.161,36.68,36.7,641,887
03/10/2014,10:07:02.642,36.69,36.7,29,887
03/10/2014,10:07:03.099,36.68,36.7,612,887
03/10/2014,10:07:04.660,36.69,36.7,30,887
03/10/2014,10:07:05.110,36.69,36.7,29,887
03/10/2014,10:07:05.634,36.69,36.7,30,887
03/10/2014,10:07:06.125,36.69,36.7,29,887
03/10/2014,10:07:07.086,36.68,36.7,612,887
03/10/2014,10:07:08.152,36.69,36.7,31,887
03/10/2014,10:07:08.600,36.69,36.7,29,887
03/10/2014,10:07:09.188,36.68,36.7,719,887
03/10/2014,10:07:09.617,36.69,36.7,31,887
03/10/2014,10:07:09.617,36.69,36.7,31,2148
03/10/2014,10:07:10.190,36.69,36.7,31,2431
03/10/2014,10:07:11.103,36.69,36.7,151,2431
03/10/2014,10:07:12.124,36.69,36.7,149,2431
03/10/2014,10:07:12.124,36.69,36.7,149,2486
03/10/2014,10:07:12.687,36.69,36.7,2,2486
03/10/2014,10:07:12.687,36.69,36.7,2,2514
03/10/2014,10:07:13.108,36.68,36.7,520,2514
03/10/2014,10:07:13.108,36.68,36.7,520,1776
03/10/2014,10:07:13.637,36.68,36.7,518,1776
03/10/2014,10:07:13.637,36.68,36.7,518,2514
03/10/2014,10:07:14.200,36.67,36.7,1924,2514
03/10/2014,10:07:14.200,36.67,36.7,1924,2426
03/10/2014,10:07:14.652,36.68,36.7,130,2426
03/10/2014,10:07:14.652,36.68,36.69,130,28
03/10/2014,10:07:15.215,36.67,36.69,1167,28
03/10/2014,10:07:15.215,36.67,36.69,1167,42
03/10/2014,10:07:15.637,36.67,36.69,1274,42
03/10/2014,10:07:15.637,36.67,36.69,1274,2450
03/10/2014,10:07:16.220,36.67,36.69,829,2450
03/10/2014,10:07:16.690,36.68,36.69,107,2450
03/10/2014,10:07:16.690,36.68,36.69,107,3661
03/10/2014,10:07:17.172,36.68,36.69,573,3661
03/10/2014,10:07:17.172,36.68,36.69,573,2821
03/10/2014,10:07:17.660,36.66,36.69,9625,2821
03/10/2014,10:07:17.660,36.66,36.69,9625,4223
03/10/2014,10:07:18.182,36.66,36.69,1640,4223
03/10/2014,10:07:18.182,36.66,36.68,1640,1683
03/10/2014,10:07:18.736,36.66,36.68,1630,1683
03/10/2014,10:07:18.736,36.66,36.68,1630,1996
03/10/2014,10:07:19.733,36.66,36.68,1630,1697
03/10/2014,10:07:22.233,36.67,36.68,831,1697
03/10/2014,10:07:22.718,36.67,36.68,480,1697
03/10/2014,10:07:22.718,36.67,36.68,480,1725
03/10/2014,10:07:24.175,36.67,36.68,480,1622
03/10/2014,10:07:24.718,36.67,36.68,480,1705
03/10/2014,10:07:34.195,36.68,36.68,924,1705
03/10/2014,10:07:34.261,36.68,36.69,924,998
03/10/2014,10:07:34.712,36.68,36.69,537,998
03/10/2014,10:07:35.218,36.68,36.69,537,754
03/10/2014,10:07:37.790,36.64,36.69,14059,754
03/10/2014,10:07:37.790,36.64,36.67,14059,650
03/10/2014,10:07:38.241,36.64,36.67,18855,650
03/10/2014,10:07:38.241,36.64,36.67,18855,975
03/10/2014,10:07:39.706,36.64,36.67,18855,1046
03/10/2014,10:07:40.270,36.64,36.67,18855,2314
03/10/2014,10:07:40.734,36.65,36.67,31,2314
03/10/2014,10:07:40.734,36.65,36.67,31,2913
03/10/2014,10:07:41.299,36.65,36.67,141,2913
03/10/2014,10:07:43.249,36.65,36.67,141,3901
03/10/2014,10:07:43.743,36.66,36.67,31,3901
03/10/2014,10:07:43.743,36.66,36.67,31,4395
03/10/2014,10:07:44.308,36.65,36.67,80,4395
03/10/2014,10:07:44.308,36.65,36.66,80,654
03/10/2014,10:07:44.758,36.65,36.66,58,654
03/10/2014,10:07:44.758,36.65,36.66,58,1038
03/10/2014,10:07:45.320,36.65,36.66,58,2203
03/10/2014,10:07:46.832,36.65,36.66,58,1919
03/10/2014,10:07:49.289,36.65,36.66,89,1919
03/10/2014,10:07:49.289,36.65,36.66,89,3029
03/10/2014,10:07:49.852,36.65,36.66,89,2679
03/10/2014,10:07:50.302,36.64,36.66,18885,2679
03/10/2014,10:07:50.302,36.64,36.65,18885,309
03/10/2014,10:07:50.785,36.65,36.65,1292,309
03/10/2014,10:07:50.785,36.65,36.67,1292,2195
03/10/2014,10:07:51.349,36.65,36.67,4210,2195
03/10/2014,10:07:51.349,36.65,36.66,4210,1779
03/10/2014,10:07:51.799,36.65,36.66,4210,2668
03/10/2014,10:07:53.289,36.65,36.66,4240,2668
03/10/2014,10:07:54.801,36.65,36.66,4740,2668
03/10/2014,10:07:58.799,36.65,36.66,4567,2668
03/10/2014,10:08:07.408,36.65,36.66,12567,2668
03/10/2014,10:08:08.378,36.65,36.66,12631,2668
03/10/2014,10:08:09.330,36.65,36.66,12821,2668
03/10/2014,10:08:13.880,36.67,36.66,2269,2668
03/10/2014,10:08:13.880,36.67,36.68,2269,1085
03/10/2014,10:08:14.443,36.67,36.68,3235,1085
03/10/2014,10:08:14.443,36.67,36.69,3235,108
03/10/2014,10:08:14.893,36.68,36.69,865,108
03/10/2014,10:08:14.893,36.68,36.69,865,162
03/10/2014,10:08:15.447,36.68,36.69,650,162
03/10/2014,10:08:15.447,36.68,36.69,650,224
03/10/2014,10:08:15.864,36.68,36.69,2734,224
03/10/2014,10:08:15.864,36.68,36.71,2734,650
03/10/2014,10:08:16.463,36.68,36.71,2734,1047
03/10/2014,10:08:19.907,36.69,36.71,29,1047
03/10/2014,10:08:19.907,36.69,36.71,29,397
03/10/2014,10:08:20.959,36.7,36.71,1564,397
03/10/2014,10:08:22.984,36.7,36.71,29,397
03/10/2014,10:08:22.984,36.7,36.72,29,4609
03/10/2014,10:08:23.447,36.68,36.72,2335,4609
03/10/2014,10:08:23.447,36.68,36.72,2335,5681
03/10/2014,10:08:24.461,36.68,36.72,2335,7371
03/10/2014,10:08:27.920,36.71,36.72,1181,7371
03/10/2014,10:08:27.920,36.71,36.72,1181,7863
03/10/2014,10:08:28.484,36.71,36.72,1181,6173
03/10/2014,10:08:28.931,36.71,36.72,1181,8109
03/10/2014,10:08:34.535,36.7,36.72,31,8109
03/10/2014,10:08:34.535,36.7,36.72,31,10259
03/10/2014,10:08:34.985,36.7,36.72,32,10259
03/10/2014,10:08:34.985,36.7,36.72,32,8323
03/10/2014,10:08:35.529,36.7,36.72,1856,8323
03/10/2014,10:08:35.529,36.7,36.72,1856,11334
03/10/2014,10:08:36.450,36.7,36.72,2178,11334
03/10/2014,10:08:45.517,36.7,36.72,2180,11334
03/10/2014,10:08:45.517,36.7,36.72,2180,7859
03/10/2014,10:08:46.039,36.7,36.71,2180,2061
03/10/2014,10:08:46.485,36.7,36.71,2310,2061
03/10/2014,10:08:46.485,36.7,36.71,2310,2461
03/10/2014,10:08:47.504,36.7,36.71,2310,4233
03/10/2014,10:08:48.519,36.7,36.71,2310,4804
03/10/2014,10:09:04.557,36.7,36.71,1596,4804
03/10/2014,10:09:05.073,36.7,36.71,1626,4804
03/10/2014,10:09:05.583,36.7,36.71,1668,4804
03/10/2014,10:09:06.579,36.7,36.71,1663,4804
03/10/2014,10:09:15.116,36.7,36.71,1954,4804
03/10/2014,10:09:18.631,36.7,36.71,2056,4804
03/10/2014,10:09:25.222,36.7,36.71,2058,4804
03/10/2014,10:09:26.237,36.7,36.71,2098,4804
03/10/2014,10:09:31.182,36.7,36.71,1996,4804
03/10/2014,10:09:31.182,36.7,36.71,1996,7530
03/10/2014,10:09:31.704,36.7,36.71,1996,6959
03/10/2014,10:09:32.222,36.7,36.71,1996,8893
03/10/2014,10:09:35.195,36.7,36.71,1996,7258
03/10/2014,10:09:37.703,36.7,36.71,818,7258
03/10/2014,10:09:37.703,36.7,36.71,818,7085
03/10/2014,10:09:39.715,36.7,36.71,950,7085
03/10/2014,10:09:45.722,36.7,36.71,905,7085
03/10/2014,10:09:45.722,36.7,36.71,905,2162
03/10/2014,10:09:46.245,36.7,36.71,1083,2162
03/10/2014,10:09:46.809,36.7,36.71,983,2162
03/10/2014,10:09:49.777,36.7,36.71,854,2162
03/10/2014,10:09:52.238,36.7,36.71,1655,2162
03/10/2014,10:09:52.238,36.7,36.72,1655,3913
03/10/2014,10:09:52.803,36.7,36.72,1145,3913
03/10/2014,10:09:52.803,36.7,36.72,1145,4573
03/10/2014,10:09:54.813,36.7,36.72,850,4573
03/10/2014,10:09:54.813,36.7,36.72,850,4572
03/10/2014,10:09:55.277,36.7,36.72,850,5587
03/10/2014,10:10:00.869,36.7,36.72,850,6125
03/10/2014,10:10:01.320,36.7,36.72,1244,6125
03/10/2014,10:10:01.320,36.7,36.72,1244,8962
03/10/2014,10:10:03.389,36.7,36.72,1244,9134
03/10/2014,10:10:05.361,36.7,36.72,53,9134
03/10/2014,10:10:05.361,36.7,36.72,53,9784
03/10/2014,10:10:05.868,36.7,36.72,783,9784
03/10/2014,10:10:06.354,36.7,36.72,809,9784
03/10/2014,10:10:06.354,36.7,36.72,809,11152
03/10/2014,10:10:06.801,36.7,36.72,964,11152
03/10/2014,10:10:07.334,36.69,36.72,1298,11152
03/10/2014,10:10:07.837,36.7,36.72,29,11152
03/10/2014,10:10:09.415,36.7,36.72,73,11152
03/10/2014,10:10:10.880,36.69,36.72,1643,11152
03/10/2014,10:10:10.880,36.69,36.71,1643,3111
03/10/2014,10:10:11.443,36.7,36.71,30,3111
03/10/2014,10:10:11.909,36.7,36.71,30,1673
03/10/2014,10:10:12.360,36.7,36.71,30,3228
03/10/2014,10:10:12.923,36.69,36.71,1674,3228
03/10/2014,10:10:12.923,36.69,36.7,1674,233
03/10/2014,10:10:13.351,36.69,36.7,1480,233
03/10/2014,10:10:13.388,36.69,36.7,1480,3858
03/10/2014,10:10:13.881,36.69,36.7,1480,5206
03/10/2014,10:10:14.379,36.69,36.7,1480,5543
03/10/2014,10:10:17.437,36.69,36.7,1480,5843
03/10/2014,10:10:18.901,36.69,36.7,1480,5929
03/10/2014,10:10:21.380,36.69,36.7,1978,5929
03/10/2014,10:10:21.380,36.69,36.7,1978,5958
03/10/2014,10:10:21.943,36.69,36.7,2842,5958
03/10/2014,10:10:21.943,36.69,36.7,2842,7189
03/10/2014,10:10:22.394,36.69,36.7,2092,7189
03/10/2014,10:10:22.394,36.69,36.7,2092,7017
03/10/2014,10:10:23.422,36.69,36.7,2092,7824
03/10/2014,10:10:27.909,36.69,36.7,2133,7824
03/10/2014,10:10:28.975,36.69,36.7,1939,7824
03/10/2014,10:10:28.975,36.69,36.7,1939,9459
03/10/2014,10:10:30.439,36.69,36.7,1886,9459
03/10/2014,10:10:30.439,36.69,36.7,1886,9195
03/10/2014,10:10:31.454,36.69,36.7,3269,9195
03/10/2014,10:10:32.018,36.69,36.7,636,9195
03/10/2014,10:10:32.018,36.69,36.7,636,6493
03/10/2014,10:10:32.419,36.69,36.7,636,8606
03/10/2014,10:10:33.933,36.69,36.7,29,8606
03/10/2014,10:10:33.933,36.69,36.7,29,8306
03/10/2014,10:10:34.497,36.68,36.7,4452,8306
03/10/2014,10:10:34.497,36.68,36.69,4452,1454
03/10/2014,10:10:34.947,36.68,36.69,4452,921
03/10/2014,10:10:35.511,36.68,36.69,4452,1294
03/10/2014,10:10:35.961,36.68,36.69,4452,1381
03/10/2014,10:10:36.976,36.68,36.69,4272,1381
03/10/2014,10:10:36.976,36.68,36.69,4272,965
03/10/2014,10:10:38.985,36.68,36.69,271,965
03/10/2014,10:10:39.562,36.68,36.69,446,965
03/10/2014,10:10:39.562,36.68,36.69,446,1082
03/10/2014,10:10:40.013,36.68,36.69,394,1082
03/10/2014,10:10:40.948,36.68,36.69,272,1082
03/10/2014,10:10:49.582,36.67,36.69,2483,1082
03/10/2014,10:10:49.582,36.67,36.69,2483,3520
03/10/2014,10:10:50.003,36.68,36.69,30,3520
03/10/2014,10:10:50.003,36.68,36.69,30,7040
03/10/2014,10:10:50.595,36.68,36.69,30,5306
03/10/2014,10:10:51.051,36.68,36.69,30,7093
03/10/2014,10:10:51.511,36.66,36.69,4328,7093
03/10/2014,10:10:51.511,36.66,36.68,4328,1231
03/10/2014,10:10:52.019,36.67,36.68,2206,1231
03/10/2014,10:10:52.019,36.67,36.68,2206,1808
03/10/2014,10:10:52.517,36.67,36.68,2206,1307
03/10/2014,10:10:53.081,36.67,36.68,2206,1846
03/10/2014,10:10:53.532,36.67,36.68,2853,1846
03/10/2014,10:10:54.096,36.67,36.68,2895,1846
03/10/2014,10:10:54.505,36.67,36.68,2895,3235
03/10/2014,10:10:55.035,36.67,36.68,2895,3930
03/10/2014,10:10:56.612,36.67,36.68,2895,4036
03/10/2014,10:10:57.018,36.67,36.68,1161,4036
03/10/2014,10:10:57.018,36.67,36.68,1161,4089
03/10/2014,10:10:57.521,36.68,36.68,1060,4089
03/10/2014,10:10:57.521,36.68,36.69,1060,5990
03/10/2014,10:10:58.077,36.68,36.69,879,5990
03/10/2014,10:10:58.077,36.68,36.69,879,6408
03/10/2014,10:10:58.640,36.68,36.69,313,6408
03/10/2014,10:10:59.063,36.68,36.69,311,6408
03/10/2014,10:10:59.063,36.68,36.69,311,6407
03/10/2014,10:10:59.537,36.67,36.69,975,6407
03/10/2014,10:11:00.105,36.67,36.69,1488,6407
03/10/2014,10:11:00.571,36.66,36.69,6013,6407
03/10/2014,10:11:00.571,36.66,36.68,6013,23593
03/10/2014,10:11:01.056,36.66,36.68,5890,23593
03/10/2014,10:11:01.056,36.66,36.68,5890,24139
03/10/2014,10:11:01.554,36.66,36.68,5890,24225
03/10/2014,10:11:02.599,36.66,36.68,5890,24732
03/10/2014,10:11:03.614,36.66,36.68,5890,24904
03/10/2014,10:11:07.108,36.66,36.68,5945,24904
03/10/2014,10:11:07.108,36.66,36.68,5945,24254
03/10/2014,10:11:07.591,36.66,36.68,6068,24254
03/10/2014,10:11:07.591,36.66,36.67,6068,149
03/10/2014,10:11:08.070,36.66,36.67,6068,239
03/10/2014,10:11:09.168,36.67,36.67,223,239
03/10/2014,10:11:09.168,36.67,36.68,223,24637
03/10/2014,10:11:09.621,36.67,36.68,336,24637
03/10/2014,10:11:10.070,36.67,36.68,970,24637
03/10/2014,10:11:10.070,36.67,36.68,970,23137
03/10/2014,10:11:10.634,36.67,36.68,2455,23137
03/10/2014,10:11:10.634,36.67,36.68,2455,22821
03/10/2014,10:11:11.648,36.67,36.68,537,22821
03/10/2014,10:11:11.648,36.67,36.68,537,21892
03/10/2014,10:11:12.097,36.67,36.68,537,17841
03/10/2014,10:11:12.661,36.67,36.68,1146,17841
03/10/2014,10:11:12.661,36.67,36.68,1146,22139
03/10/2014,10:11:13.107,36.67,36.68,436,22139
03/10/2014,10:11:13.677,36.67,36.68,436,18050
03/10/2014,10:11:14.126,36.67,36.68,224,18050
03/10/2014,10:11:14.126,36.67,36.68,224,22893
03/10/2014,10:11:14.689,36.67,36.68,1039,22893
03/10/2014,10:11:14.689,36.67,36.68,1039,17907
03/10/2014,10:11:15.118,36.67,36.68,846,17907
03/10/2014,10:11:15.118,36.67,36.68,846,18960
03/10/2014,10:11:15.704,36.67,36.68,3504,18960
03/10/2014,10:11:15.704,36.67,36.68,3504,15469
03/10/2014,10:11:16.155,36.66,36.68,5155,15469
03/10/2014,10:11:16.155,36.66,36.68,5155,19134
03/10/2014,10:11:16.719,36.67,36.68,2484,19134
03/10/2014,10:11:16.719,36.67,36.68,2484,18985
03/10/2014,10:11:17.170,36.66,36.68,4777,18985
03/10/2014,10:11:17.170,36.66,36.68,4777,18775
03/10/2014,10:11:17.620,36.66,36.68,4557,18775
03/10/2014,10:11:17.620,36.66,36.68,4557,15970
03/10/2014,10:11:18.184,36.67,36.68,1869,15970
03/10/2014,10:11:18.184,36.67,36.68,1869,19464
03/10/2014,10:11:18.634,36.67,36.68,2154,19464
03/10/2014,10:11:18.634,36.67,36.68,2154,14199
03/10/2014,10:11:19.124,36.67,36.68,225,14199
03/10/2014,10:11:19.669,36.67,36.68,31,14199
03/10/2014,10:11:20.115,36.67,36.68,31,14279
03/10/2014,10:11:20.638,36.67,36.68,31,15752
03/10/2014,10:11:21.184,36.67,36.68,34,15752
03/10/2014,10:11:21.184,36.67,36.68,34,11835
03/10/2014,10:11:21.632,36.67,36.68,31,11835
03/10/2014,10:11:21.632,36.67,36.68,31,13664
03/10/2014,10:11:22.196,36.67,36.68,32,13664
03/10/2014,10:11:22.196,36.67,36.68,32,11915
03/10/2014,10:11:22.648,36.67,36.68,31,11915
03/10/2014,10:11:22.648,36.67,36.68,31,13636
03/10/2014,10:11:23.212,36.66,36.68,3913,13636
03/10/2014,10:11:23.212,36.66,36.68,3913,12497
03/10/2014,10:11:23.663,36.66,36.68,3905,12497
03/10/2014,10:11:23.663,36.66,36.67,3905,1657
03/10/2014,10:11:24.227,36.66,36.67,3905,2153
03/10/2014,10:11:24.677,36.66,36.67,3905,3546
03/10/2014,10:11:25.229,36.66,36.67,3905,5262
03/10/2014,10:11:29.697,36.66,36.67,3905,7051
03/10/2014,10:11:30.690,36.67,36.67,279,7051
03/10/2014,10:11:30.690,36.67,36.68,279,10169
03/10/2014,10:11:31.258,36.67,36.68,5536,10169
03/10/2014,10:11:31.258,36.67,36.68,5536,11188
03/10/2014,10:11:31.726,36.67,36.68,4854,11188
03/10/2014,10:11:31.726,36.67,36.68,4854,10056
03/10/2014,10:11:32.186,36.67,36.68,4679,10056
03/10/2014,10:11:32.750,36.68,36.68,1617,10056
03/10/2014,10:11:32.750,36.68,36.69,1617,666
03/10/2014,10:11:33.201,36.68,36.69,4044,666
03/10/2014,10:11:33.201,36.68,36.69,4044,3878
03/10/2014,10:11:33.695,36.68,36.69,4275,3878
03/10/2014,10:11:34.214,36.68,36.69,4275,5817
03/10/2014,10:11:35.264,36.68,36.69,4567,5817
03/10/2014,10:11:35.264,36.68,36.69,4567,4152
03/10/2014,10:11:35.771,36.68,36.69,5012,4152
03/10/2014,10:11:37.288,36.68,36.69,5043,4152
03/10/2014,10:11:38.219,36.68,36.69,5470,4152
03/10/2014,10:11:41.759,36.68,36.69,5470,5224
03/10/2014,10:11:46.732,36.68,36.69,5471,5224
03/10/2014,10:11:46.765,36.68,36.69,5471,6359
03/10/2014,10:11:47.328,36.68,36.69,5471,6630
03/10/2014,10:11:51.331,36.7,36.69,25922,6630
03/10/2014,10:11:51.331,36.7,36.71,25922,7333
03/10/2014,10:11:51.781,36.7,36.71,26531,7333
03/10/2014,10:11:51.781,36.7,36.71,26531,9296
03/10/2014,10:11:52.324,36.7,36.71,26531,7507
03/10/2014,10:11:52.795,36.7,36.71,25688,7507
03/10/2014,10:11:52.795,36.7,36.71,25688,6949
03/10/2014,10:11:53.353,36.7,36.71,26538,6949
03/10/2014,10:11:54.859,36.7,36.71,26538,3693
03/10/2014,10:11:56.353,36.7,36.71,26658,3693
03/10/2014,10:11:56.804,36.67,36.71,2126,3693
03/10/2014,10:11:56.804,36.67,36.69,2126,194
03/10/2014,10:11:57.297,36.69,36.69,239,194
03/10/2014,10:11:57.297,36.69,36.7,239,3112
03/10/2014,10:11:57.840,36.68,36.7,194,3112
03/10/2014,10:11:57.840,36.68,36.69,194,1517
03/10/2014,10:11:58.354,36.67,36.69,2131,1517
03/10/2014,10:11:58.354,36.67,36.69,2131,2099
03/10/2014,10:11:58.833,36.67,36.69,655,2099
03/10/2014,10:11:58.833,36.67,36.69,655,2275
03/10/2014,10:11:59.377,36.67,36.69,655,2581
03/10/2014,10:11:59.847,36.66,36.69,1944,2581
03/10/2014,10:11:59.847,36.66,36.69,1944,2530
03/10/2014,10:12:00.378,36.66,36.69,1944,1429
03/10/2014,10:12:00.862,36.65,36.69,10390,1429
03/10/2014,10:12:00.862,36.65,36.69,10390,2490
03/10/2014,10:12:01.337,36.65,36.69,10390,2882
03/10/2014,10:12:01.872,36.65,36.69,10391,2882
03/10/2014,10:12:01.872,36.65,36.68,10391,1912
03/10/2014,10:12:02.319,36.65,36.68,10391,2489
03/10/2014,10:12:02.890,36.65,36.68,10391,4693
03/10/2014,10:12:03.388,36.65,36.68,10391,6112
03/10/2014,10:12:03.844,36.65,36.68,10391,6279
03/10/2014,10:12:04.378,36.65,36.68,10391,5132
03/10/2014,10:12:04.858,36.65,36.68,10391,6331
03/10/2014,10:12:06.383,36.66,36.68,2500,6331
03/10/2014,10:12:06.383,36.66,36.68,2500,5681
03/10/2014,10:12:08.352,36.66,36.68,2946,5681
03/10/2014,10:12:08.915,36.66,36.68,2946,6772
03/10/2014,10:12:09.377,36.66,36.68,4125,6772
03/10/2014,10:12:09.377,36.66,36.68,4125,5573
03/10/2014,10:12:09.906,36.66,36.68,4125,6993
03/10/2014,10:12:10.372,36.66,36.68,9562,6993
03/10/2014,10:12:10.372,36.66,36.68,9562,6605
03/10/2014,10:12:11.388,36.66,36.68,10122,6605
03/10/2014,10:12:14.911,36.67,36.68,31,6605
03/10/2014,10:12:14.911,36.67,36.68,31,7470
03/10/2014,10:12:15.380,36.67,36.68,31,7708
03/10/2014,10:12:20.958,36.67,36.68,31,6438
03/10/2014,10:12:21.413,36.67,36.68,2,6438
03/10/2014,10:12:21.413,36.67,36.68,2,8290
03/10/2014,10:12:21.903,36.66,36.68,11275,8290
03/10/2014,10:12:21.903,36.66,36.68,11275,6684
03/10/2014,10:12:22.428,36.66,36.67,11275,908
03/10/2014,10:12:22.940,36.66,36.67,11275,1364
03/10/2014,10:12:23.395,36.66,36.67,10850,1364
03/10/2014,10:12:23.395,36.66,36.67,10850,2105
03/10/2014,10:12:23.964,36.66,36.67,10850,2104
03/10/2014,10:12:24.467,36.66,36.67,10695,2104
03/10/2014,10:12:24.467,36.66,36.67,10695,2102
03/10/2014,10:12:24.934,36.66,36.67,10695,2999
03/10/2014,10:12:25.458,36.66,36.67,10738,2999
03/10/2014,10:12:25.458,36.66,36.67,10738,4199
03/10/2014,10:12:25.949,36.66,36.67,9562,4199
03/10/2014,10:12:26.396,36.66,36.67,9593,4199
03/10/2014,10:12:26.396,36.66,36.67,9593,4798
03/10/2014,10:12:27.465,36.66,36.67,9438,4798
03/10/2014,10:12:30.459,36.66,36.67,9438,4453
03/10/2014,10:12:30.982,36.66,36.67,9893,4453
03/10/2014,10:12:33.506,36.66,36.67,10030,4453
03/10/2014,10:12:37.464,36.66,36.67,10030,9546
03/10/2014,10:12:47.999,36.66,36.67,14898,9546
03/10/2014,10:12:47.999,36.66,36.67,14898,9352
03/10/2014,10:12:49.562,36.66,36.67,14944,9352
03/10/2014,10:12:54.086,36.66,36.67,14944,9457
03/10/2014,10:12:56.600,36.66,36.67,17561,9457
03/10/2014,10:12:58.552,36.66,36.67,17561,9242
03/10/2014,10:12:59.611,36.66,36.67,17580,9242
03/10/2014,10:13:00.062,36.66,36.67,17580,9211
03/10/2014,10:13:02.603,36.66,36.67,17580,8820
03/10/2014,10:13:03.054,36.67,36.67,115,8820
03/10/2014,10:13:03.054,36.67,36.68,115,4676
03/10/2014,10:13:03.612,36.67,36.68,388,4676
03/10/2014,10:13:03.612,36.67,36.68,388,4658
03/10/2014,10:13:04.069,36.67,36.68,737,4658
03/10/2014,10:13:06.097,36.67,36.68,1942,4658
03/10/2014,10:13:06.097,36.67,36.68,1942,3837
03/10/2014,10:13:07.577,36.67,36.68,2167,3837
03/10/2014,10:13:08.119,36.67,36.68,2860,3837
03/10/2014,10:13:08.119,36.67,36.68,2860,3821
03/10/2014,10:13:10.132,36.67,36.68,2860,10612
03/10/2014,10:13:10.627,36.67,36.68,2666,10612
03/10/2014,10:13:10.627,36.67,36.68,2666,13273
03/10/2014,10:13:11.641,36.66,36.68,11834,13273
03/10/2014,10:13:11.641,36.66,36.68,11834,13230
03/10/2014,10:13:12.089,36.67,36.68,31,13230
03/10/2014,10:13:12.089,36.67,36.68,31,12437
03/10/2014,10:13:12.656,36.67,36.68,29,12437
03/10/2014,10:13:12.656,36.67,36.68,29,11581
03/10/2014,10:13:14.130,36.67,36.68,31,11581
03/10/2014,10:13:14.130,36.67,36.68,31,10330
03/10/2014,10:13:15.167,36.66,36.68,13257,10330
03/10/2014,10:13:15.167,36.66,36.68,13257,10328
03/10/2014,10:13:15.618,36.67,36.68,30,10328
03/10/2014,10:13:19.667,36.67,36.68,346,10328
03/10/2014,10:13:20.177,36.67,36.68,377,10328
03/10/2014,10:13:21.147,36.67,36.68,237,10328
03/10/2014,10:13:21.636,36.67,36.68,168,10328
03/10/2014,10:13:26.650,36.67,36.68,168,10405
03/10/2014,10:13:27.708,36.67,36.68,210,10405
03/10/2014,10:13:28.156,36.67,36.68,685,10405
03/10/2014,10:13:28.156,36.67,36.68,685,9652
03/10/2014,10:13:28.706,36.67,36.68,654,9652
03/10/2014,10:13:28.706,36.67,36.68,654,10155
03/10/2014,10:13:29.173,36.67,36.68,3657,10155
03/10/2014,10:13:29.173,36.67,36.68,3657,7921
03/10/2014,10:13:29.726,36.67,36.68,13671,7921
03/10/2014,10:13:29.726,36.67,36.69,13671,2654
03/10/2014,10:13:30.173,36.67,36.69,14889,2654
03/10/2014,10:13:30.692,36.67,36.69,14889,1743
03/10/2014,10:13:31.214,36.69,36.69,156,1743
03/10/2014,10:13:31.214,36.69,36.7,156,11458
03/10/2014,10:13:31.738,36.68,36.7,301,11458
03/10/2014,10:13:31.738,36.68,36.69,301,77
03/10/2014,10:13:32.228,36.68,36.69,350,77
03/10/2014,10:13:32.228,36.68,36.69,350,115
03/10/2014,10:13:33.694,36.68,36.69,350,151
03/10/2014,10:13:34.257,36.68,36.69,350,601
03/10/2014,10:13:34.709,36.68,36.69,350,595
03/10/2014,10:13:35.251,36.68,36.69,350,835
03/10/2014,10:13:39.213,36.69,36.69,2,835
03/10/2014,10:13:39.213,36.69,36.7,2,5599
03/10/2014,10:13:39.756,36.68,36.7,12051,5599
03/10/2014,10:13:40.257,36.68,36.7,13115,5599
03/10/2014,10:13:41.266,36.68,36.7,14750,5599
03/10/2014,10:13:41.718,36.69,36.7,189,5599
03/10/2014,10:13:41.718,36.69,36.7,189,1140
03/10/2014,10:13:42.272,36.69,36.7,36,1140
03/10/2014,10:13:42.737,36.69,36.7,36,1710
03/10/2014,10:13:43.274,36.7,36.7,67,1710
03/10/2014,10:13:43.274,36.7,36.71,67,3919
03/10/2014,10:13:43.751,36.69,36.71,1421,3919
03/10/2014,10:13:44.276,36.7,36.71,1556,3919
03/10/2014,10:13:44.276,36.7,36.71,1556,3842
03/10/2014,10:13:44.879,36.69,36.71,194,3842
03/10/2014,10:13:45.346,36.7,36.71,1,3842
03/10/2014,10:13:46.742,36.7,36.71,1,4095
03/10/2014,10:13:47.262,36.7,36.71,1,4077
03/10/2014,10:13:47.789,36.7,36.71,1,3877
03/10/2014,10:13:48.287,36.7,36.71,30,3877
03/10/2014,10:13:48.784,36.7,36.71,29,3877
03/10/2014,10:13:50.303,36.7,36.71,31,3877
03/10/2014,10:13:50.799,36.7,36.71,29,3877
03/10/2014,10:13:55.817,36.7,36.71,30,3877
03/10/2014,10:13:55.817,36.7,36.71,30,4958
03/10/2014,10:13:56.288,36.7,36.71,30,5371
03/10/2014,10:13:56.830,36.7,36.71,29,5371
03/10/2014,10:13:57.803,36.7,36.71,30,5371
03/10/2014,10:13:58.289,36.7,36.71,5728,5371
03/10/2014,10:13:58.289,36.7,36.71,5728,5294
03/10/2014,10:13:58.855,36.7,36.71,5851,5294
03/10/2014,10:14:00.362,36.7,36.71,6502,5294
03/10/2014,10:14:07.361,36.72,36.71,5805,5294
03/10/2014,10:14:07.361,36.72,36.73,5805,3452
03/10/2014,10:14:07.868,36.71,36.73,134,3452
03/10/2014,10:14:07.868,36.71,36.72,134,111
03/10/2014,10:14:08.392,36.72,36.72,3199,111
03/10/2014,10:14:08.392,36.72,36.73,3199,7922
03/10/2014,10:14:08.883,36.72,36.73,4350,7922
03/10/2014,10:14:08.883,36.72,36.73,4350,4766
03/10/2014,10:14:09.334,36.72,36.73,4156,4766
03/10/2014,10:14:09.334,36.72,36.73,4156,5039
03/10/2014,10:14:09.897,36.72,36.73,4086,5039
03/10/2014,10:14:09.897,36.72,36.73,4086,5028
03/10/2014,10:14:11.397,36.71,36.73,114,5028
03/10/2014,10:14:11.397,36.71,36.73,114,3391
03/10/2014,10:14:11.894,36.7,36.73,8376,3391
03/10/2014,10:14:11.894,36.7,36.73,8376,5313
03/10/2014,10:14:12.389,36.7,36.73,7032,5313
03/10/2014,10:14:12.389,36.7,36.73,7032,4080
03/10/2014,10:14:12.883,36.7,36.73,12877,4080
03/10/2014,10:14:12.883,36.7,36.73,12877,3293
03/10/2014,10:14:13.446,36.7,36.73,12362,3293
03/10/2014,10:14:13.901,36.7,36.73,12204,3293
03/10/2014,10:14:13.901,36.7,36.73,12204,3182
03/10/2014,10:14:14.352,36.7,36.73,12137,3182
03/10/2014,10:14:14.940,36.7,36.73,12116,3182
03/10/2014,10:14:15.917,36.73,36.73,3626,3182
03/10/2014,10:14:15.917,36.73,36.75,3626,966
03/10/2014,10:14:16.405,36.73,36.75,3292,966
03/10/2014,10:14:16.405,36.73,36.75,3292,3792
03/10/2014,10:14:16.912,36.73,36.75,3209,3792
03/10/2014,10:14:16.912,36.73,36.75,3209,4020
03/10/2014,10:14:17.381,36.73,36.75,3022,4020
03/10/2014,10:14:17.406,36.73,36.75,3022,4418
03/10/2014,10:14:17.915,36.73,36.75,1121,4418
03/10/2014,10:14:17.915,36.73,36.75,1121,5475
03/10/2014,10:14:18.428,36.73,36.75,1121,4941
03/10/2014,10:14:18.930,36.73,36.75,527,4941
03/10/2014,10:14:19.377,36.72,36.75,114,4941
03/10/2014,10:14:19.892,36.71,36.75,450,4941
03/10/2014,10:14:19.892,36.71,36.74,450,1810
03/10/2014,10:14:20.431,36.71,36.74,417,1810
03/10/2014,10:14:20.431,36.71,36.74,417,2262
03/10/2014,10:14:20.891,36.71,36.74,409,2262
03/10/2014,10:14:20.917,36.71,36.74,409,4564
03/10/2014,10:14:21.430,36.71,36.74,407,4564
03/10/2014,10:14:21.430,36.71,36.74,407,7275
03/10/2014,10:14:21.944,36.71,36.74,406,7275
03/10/2014,10:14:22.933,36.71,36.74,441,7275
03/10/2014,10:14:22.933,36.71,36.74,441,7813
03/10/2014,10:14:25.914,36.71,36.74,441,7896
03/10/2014,10:14:27.957,36.71,36.73,441,3850
03/10/2014,10:14:28.453,36.71,36.73,441,4372
03/10/2014,10:14:31.972,36.71,36.73,441,7090
03/10/2014,10:14:44.013,36.71,36.73,191,7090
03/10/2014,10:14:44.514,36.71,36.73,178,7090
03/10/2014,10:14:45.021,36.71,36.73,175,7090
03/10/2014,10:14:45.497,36.71,36.73,245,7090
03/10/2014,10:14:45.497,36.71,36.73,245,7196
03/10/2014,10:14:48.519,36.71,36.73,355,7196
03/10/2014,10:14:53.561,36.71,36.73,5663,7196
03/10/2014,10:14:53.561,36.71,36.73,5663,6648
03/10/2014,10:14:54.056,36.71,36.73,6825,6648
03/10/2014,10:14:54.554,36.71,36.73,6764,6648
03/10/2014,10:14:55.077,36.71,36.73,7939,6648
03/10/2014,10:14:56.567,36.71,36.73,8601,6648
03/10/2014,10:14:56.567,36.71,36.73,8601,6441
03/10/2014,10:14:57.060,36.71,36.73,8539,6441
03/10/2014,10:14:57.588,36.71,36.73,8539,7391
03/10/2014,10:14:58.579,36.72,36.73,7155,7391
03/10/2014,10:14:59.571,36.72,36.73,7488,7391
03/10/2014,10:14:59.571,36.72,36.73,7488,6499
03/10/2014,10:15:00.103,36.72,36.73,7473,6499
03/10/2014,10:15:00.567,36.72,36.73,7603,6499
03/10/2014,10:15:00.567,36.72,36.73,7603,5411
03/10/2014,10:15:01.081,36.73,36.73,341,5411
03/10/2014,10:15:01.081,36.73,36.74,341,83
03/10/2014,10:15:01.581,36.73,36.74,405,83
03/10/2014,10:15:01.581,36.73,36.74,405,1119
03/10/2014,10:15:03.578,36.73,36.74,405,144
03/10/2014,10:15:04.063,36.73,36.74,5599,144
03/10/2014,10:15:06.107,36.74,36.74,5063,144
03/10/2014,10:15:06.107,36.74,36.75,5063,107
03/10/2014,10:15:06.608,36.74,36.75,5137,107
03/10/2014,10:15:06.608,36.74,36.75,5137,82
03/10/2014,10:15:09.628,36.74,36.75,5137,1361
03/10/2014,10:15:16.653,36.74,36.75,5137,1358
03/10/2014,10:15:17.665,36.74,36.75,5137,1357
03/10/2014,10:15:18.154,36.75,36.75,334,1357
03/10/2014,10:15:18.154,36.75,36.76,334,1771
03/10/2014,10:15:18.656,36.75,36.76,334,1532
03/10/2014,10:15:25.680,36.74,36.76,6362,1532
03/10/2014,10:15:25.680,36.74,36.76,6362,973
03/10/2014,10:15:27.687,36.74,36.76,5518,973
03/10/2014,10:15:27.687,36.74,36.75,5518,676
03/10/2014,10:15:28.709,36.74,36.75,5344,676
03/10/2014,10:15:28.709,36.74,36.75,5344,538
03/10/2014,10:15:31.209,36.75,36.75,5220,538
03/10/2014,10:15:31.209,36.75,36.76,5220,133
03/10/2014,10:15:31.712,36.75,36.76,931,133
03/10/2014,10:15:31.712,36.75,36.77,931,1684
03/10/2014,10:15:32.213,36.75,36.77,173,1684
03/10/2014,10:15:32.213,36.75,36.76,173,567
03/10/2014,10:15:32.694,36.75,36.76,243,567
03/10/2014,10:15:32.694,36.75,36.77,243,1129
03/10/2014,10:15:37.744,36.74,36.77,10371,1129
03/10/2014,10:15:37.744,36.74,36.75,10371,9445
03/10/2014,10:15:38.246,36.74,36.75,5177,9445
03/10/2014,10:15:40.259,36.74,36.75,2623,9445
03/10/2014,10:15:40.259,36.74,36.75,2623,10015
03/10/2014,10:15:40.752,36.74,36.75,8362,10015
03/10/2014,10:15:40.752,36.74,36.75,8362,9061
03/10/2014,10:15:41.254,36.74,36.75,9151,9061
03/10/2014,10:15:41.254,36.74,36.75,9151,8576
03/10/2014,10:15:44.266,36.74,36.75,9151,8575
03/10/2014,10:15:45.750,36.74,36.75,9151,9700
03/10/2014,10:15:46.262,36.75,36.75,3,9700
03/10/2014,10:15:46.262,36.75,36.77,3,1034
03/10/2014,10:15:46.765,36.76,36.77,194,1034
03/10/2014,10:15:46.765,36.76,36.77,194,840
03/10/2014,10:15:47.780,36.76,36.77,52,840
03/10/2014,10:15:47.780,36.76,36.77,52,1407
03/10/2014,10:15:48.786,36.75,36.77,1054,1407
03/10/2014,10:15:51.299,36.75,36.77,1333,1407
03/10/2014,10:15:51.299,36.75,36.77,1333,3141
03/10/2014,10:15:51.796,36.75,36.77,1333,942
03/10/2014,10:15:52.289,36.75,36.77,1333,840
03/10/2014,10:15:56.321,36.74,36.77,12838,840
03/10/2014,10:15:56.321,36.74,36.75,12838,100
03/10/2014,10:15:56.818,36.74,36.75,7839,100
03/10/2014,10:15:56.818,36.74,36.76,7839,8588
03/10/2014,10:15:57.807,36.74,36.76,7839,10479
03/10/2014,10:15:58.824,36.74,36.76,7839,10440
03/10/2014,10:15:59.323,36.74,36.76,7642,10440
03/10/2014,10:15:59.323,36.74,36.76,7642,10305
03/10/2014,10:16:03.848,36.74,36.76,7254,10305
03/10/2014,10:16:03.848,36.74,36.75,7254,4459
03/10/2014,10:16:04.361,36.74,36.75,7254,6057
03/10/2014,10:16:04.850,36.74,36.75,7254,6360
03/10/2014,10:16:05.360,36.74,36.75,7296,6360
03/10/2014,10:16:06.337,36.74,36.75,7315,6360
03/10/2014,10:16:06.337,36.74,36.75,7315,6166
03/10/2014,10:16:06.900,36.74,36.75,7315,8365
03/10/2014,10:16:07.416,36.74,36.75,7315,8800
03/10/2014,10:16:07.861,36.75,36.75,650,8800
03/10/2014,10:16:07.861,36.75,36.77,650,2631
03/10/2014,10:16:08.365,36.75,36.78,650,3997
03/10/2014,10:16:08.963,36.75,36.78,696,3997
03/10/2014,10:16:08.963,36.75,36.77,696,1709
03/10/2014,10:16:09.868,36.75,36.77,696,2563
03/10/2014,10:16:10.366,36.75,36.77,890,2563
03/10/2014,10:16:10.366,36.75,36.77,890,630
03/10/2014,10:16:10.869,36.75,36.77,696,630
03/10/2014,10:16:10.869,36.75,36.77,696,945
03/10/2014,10:16:11.877,36.75,36.77,696,1229
03/10/2014,10:16:12.383,36.75,36.77,696,1326
03/10/2014,10:16:12.881,36.75,36.77,46,1326
03/10/2014,10:16:12.881,36.75,36.77,46,5785
03/10/2014,10:16:13.374,36.75,36.77,46,8014
03/10/2014,10:16:22.414,36.75,36.77,3009,8014
03/10/2014,10:16:22.414,36.75,36.76,3009,8561
03/10/2014,10:16:22.908,36.75,36.76,3009,12623
03/10/2014,10:16:23.406,36.75,36.76,3009,13132
03/10/2014,10:16:26.423,36.75,36.76,3146,13132
03/10/2014,10:16:26.997,36.75,36.76,3165,13132
03/10/2014,10:16:27.461,36.75,36.76,3372,13132
03/10/2014,10:16:27.461,36.75,36.76,3372,13218
03/10/2014,10:16:31.958,36.75,36.76,3372,13278
03/10/2014,10:16:34.970,36.74,36.76,5567,13278
03/10/2014,10:16:34.970,36.74,36.75,5567,1755
03/10/2014,10:16:35.468,36.74,36.75,5567,2070
03/10/2014,10:16:35.985,36.74,36.75,5567,2634
03/10/2014,10:16:36.479,36.74,36.75,5567,3478
03/10/2014,10:16:36.982,36.74,36.75,5568,3478
03/10/2014,10:16:37.976,36.74,36.75,5568,3228
03/10/2014,10:16:38.971,36.74,36.75,5568,3183
03/10/2014,10:16:39.492,36.74,36.75,5568,5184
03/10/2014,10:16:40.009,36.74,36.75,5568,6037
03/10/2014,10:16:41.025,36.74,36.75,5568,6036
03/10/2014,10:16:41.588,36.74,36.75,5568,2442
03/10/2014,10:16:41.996,36.74,36.75,5610,2442
03/10/2014,10:16:41.996,36.74,36.75,5610,1697
03/10/2014,10:16:43.507,36.75,36.75,13775,1697
03/10/2014,10:16:43.507,36.75,36.76,13775,11487
03/10/2014,10:16:44.000,36.75,36.76,13775,11824
03/10/2014,10:16:44.496,36.75,36.76,12489,11824
03/10/2014,10:16:44.496,36.75,36.76,12489,12018
03/10/2014,10:16:44.992,36.75,36.76,13826,12018
03/10/2014,10:16:44.992,36.75,36.76,13826,11426
03/10/2014,10:16:51.531,36.75,36.76,19236,11426
03/10/2014,10:16:52.029,36.75,36.76,20190,11426
03/10/2014,10:16:52.029,36.75,36.76,20190,11483
03/10/2014,10:16:58.570,36.75,36.76,20190,2269
03/10/2014,10:16:59.070,36.75,36.76,13638,2269
03/10/2014,10:16:59.569,36.75,36.76,13638,2743
03/10/2014,10:17:00.559,36.75,36.76,13638,3753
03/10/2014,10:17:01.065,36.75,36.76,13638,4524
03/10/2014,10:17:01.574,36.75,36.76,13638,4875
03/10/2014,10:17:02.089,36.75,36.76,13302,4875
03/10/2014,10:17:02.702,36.75,36.76,13302,5260
03/10/2014,10:17:03.088,36.75,36.76,12087,5260
03/10/2014,10:17:03.088,36.75,36.76,12087,3070
03/10/2014,10:17:06.592,36.75,36.76,12137,3070
03/10/2014,10:17:07.671,36.75,36.76,1274,3070
03/10/2014,10:17:07.671,36.75,36.76,1274,911
03/10/2014,10:17:08.595,36.74,36.76,6507,911
03/10/2014,10:17:08.595,36.74,36.76,6507,1657
03/10/2014,10:17:09.112,36.74,36.76,6507,1304
03/10/2014,10:17:09.620,36.74,36.76,6507,1657
03/10/2014,10:17:16.690,36.74,36.76,6507,3712
03/10/2014,10:17:17.147,36.74,36.76,6507,4490
03/10/2014,10:17:17.694,36.74,36.76,6644,4490
03/10/2014,10:17:17.694,36.74,36.76,6644,4740
03/10/2014,10:17:18.146,36.74,36.76,6690,4740
03/10/2014,10:17:18.146,36.74,36.76,6690,4627
03/10/2014,10:17:18.710,36.74,36.76,9701,4627
03/10/2014,10:17:19.196,36.74,36.75,9701,1709
03/10/2014,10:17:19.702,36.74,36.75,9701,2563
03/10/2014,10:17:20.775,36.74,36.75,9252,2563
03/10/2014,10:17:20.775,36.74,36.75,9252,3664
03/10/2014,10:17:21.190,36.74,36.75,9252,4443
03/10/2014,10:17:21.687,36.74,36.75,8774,4443
03/10/2014,10:17:21.687,36.74,36.75,8774,1786
03/10/2014,10:17:22.207,36.74,36.75,8774,1235
03/10/2014,10:17:23.221,36.74,36.75,8774,2222
03/10/2014,10:17:28.266,36.74,36.75,8774,3448
03/10/2014,10:17:31.705,36.74,36.75,8774,3400
03/10/2014,10:17:42.271,36.74,36.75,8774,1666
03/10/2014,10:17:42.835,36.74,36.75,8774,7935
03/10/2014,10:17:45.759,36.74,36.75,8774,9123
03/10/2014,10:17:52.302,36.74,36.75,8817,9123
03/10/2014,10:17:52.865,36.74,36.75,8817,4909
03/10/2014,10:17:53.790,36.74,36.75,8397,4909
03/10/2014,10:17:53.790,36.74,36.75,8397,656
03/10/2014,10:17:54.330,36.74,36.75,8591,656
03/10/2014,10:17:54.793,36.74,36.75,8397,656
03/10/2014,10:17:54.793,36.74,36.75,8397,984
03/10/2014,10:17:55.812,36.74,36.75,8591,984
03/10/2014,10:17:55.812,36.74,36.75,8591,307
03/10/2014,10:17:56.299,36.74,36.75,8591,338
03/10/2014,10:17:56.819,36.74,36.75,8991,338
03/10/2014,10:17:56.819,36.74,36.76,8991,2301
03/10/2014,10:17:57.320,36.74,36.76,8854,2301
03/10/2014,10:17:57.320,36.74,36.76,8854,2627
03/10/2014,10:17:57.906,36.74,36.76,8854,2286
03/10/2014,10:17:58.357,36.74,36.76,8204,2286
03/10/2014,10:17:58.357,36.74,36.76,8204,8682
03/10/2014,10:17:58.863,36.74,36.76,8128,8682
03/10/2014,10:17:59.871,36.74,36.76,8128,8550
03/10/2014,10:18:07.846,36.74,36.76,8101,8550
03/10/2014,10:18:09.426,36.74,36.76,8101,8523
03/10/2014,10:18:10.936,36.74,36.76,8945,8523
03/10/2014,10:18:10.936,36.74,36.76,8945,5428
03/10/2014,10:18:13.500,36.74,36.76,8101,5428
03/10/2014,10:18:13.500,36.74,36.76,8101,7316
03/10/2014,10:18:20.946,36.75,36.76,876,7316
03/10/2014,10:18:21.510,36.75,36.76,5876,7316
03/10/2014,10:18:25.466,36.75,36.76,5876,695
03/10/2014,10:18:25.982,36.75,36.76,5876,1042
03/10/2014,10:18:26.495,36.75,36.76,5876,2030
03/10/2014,10:18:26.947,36.75,36.76,5876,2224
03/10/2014,10:18:28.462,36.75,36.76,6006,2224
03/10/2014,10:18:40.520,36.75,36.76,6006,1912
03/10/2014,10:18:41.000,36.75,36.76,6006,2347
03/10/2014,10:18:46.027,36.75,36.76,6006,667
03/10/2014,10:18:46.591,36.75,36.76,6006,861
03/10/2014,10:18:55.075,36.76,36.76,2777,861
03/10/2014,10:18:55.075,36.76,36.77,2777,4236
03/10/2014,10:18:56.090,36.76,36.77,4667,4236
03/10/2014,10:18:59.134,36.76,36.77,2777,4236
03/10/2014,10:19:00.598,36.76,36.77,2777,5525
03/10/2014,10:19:01.676,36.76,36.77,2777,7455
03/10/2014,10:19:08.690,36.76,36.77,6296,7455
03/10/2014,10:19:08.690,36.76,36.77,6296,6585
03/10/2014,10:19:11.118,36.76,36.77,6296,6885
03/10/2014,10:19:12.159,36.76,36.77,8994,6885
03/10/2014,10:19:12.159,36.76,36.77,8994,6691
03/10/2014,10:19:12.636,36.76,36.77,9325,6691
03/10/2014,10:19:16.774,36.77,36.77,7,6691
03/10/2014,10:19:16.774,36.77,36.78,7,3918
03/10/2014,10:19:17.224,36.77,36.78,153,3918
03/10/2014,10:19:17.224,36.77,36.78,153,5124
03/10/2014,10:19:17.675,36.76,36.78,10490,5124
03/10/2014,10:19:18.239,36.76,36.78,15490,5124
03/10/2014,10:19:19.159,36.76,36.78,19740,5124
03/10/2014,10:19:25.281,36.76,36.78,19856,5124
03/10/2014,10:19:26.750,36.76,36.78,20056,5124
03/10/2014,10:19:32.296,36.76,36.78,20056,6184
03/10/2014,10:19:42.291,36.76,36.78,17279,6184
03/10/2014,10:19:42.813,36.76,36.78,16629,6184
03/10/2014,10:19:42.813,36.76,36.78,16629,7141
03/10/2014,10:19:43.295,36.76,36.78,14619,7141
03/10/2014,10:19:43.295,36.76,36.78,14619,7883
03/10/2014,10:19:43.858,36.76,36.78,14619,8077
03/10/2014,10:19:44.309,36.76,36.78,14619,8332
03/10/2014,10:19:48.810,36.76,36.78,14619,9588
03/10/2014,10:19:51.790,36.76,36.78,14619,9672
03/10/2014,10:19:53.376,36.76,36.78,14661,9672
03/10/2014,10:20:02.342,36.76,36.78,14661,8687
03/10/2014,10:20:02.841,36.76,36.78,14661,8559
03/10/2014,10:20:06.911,36.76,36.78,14467,8559
03/10/2014,10:20:06.911,36.76,36.78,14467,10194
03/10/2014,10:20:07.925,36.76,36.78,14661,10194
03/10/2014,10:20:07.925,36.76,36.78,14661,8186
03/10/2014,10:20:08.373,36.76,36.78,14467,8186
03/10/2014,10:20:08.373,36.76,36.78,14467,11866
03/10/2014,10:20:08.939,36.76,36.78,14467,11923
03/10/2014,10:20:09.365,36.76,36.78,14467,11196
03/10/2014,10:20:09.864,36.76,36.78,14467,12067
03/10/2014,10:20:10.923,36.76,36.78,14467,11179
03/10/2014,10:20:11.379,36.76,36.78,14467,12110
03/10/2014,10:20:11.902,36.76,36.78,14467,11170
03/10/2014,10:20:12.450,36.76,36.78,14467,11934
03/10/2014,10:20:12.916,36.76,36.78,14467,11205
03/10/2014,10:20:13.479,36.76,36.78,14467,11934
03/10/2014,10:20:13.910,36.76,36.78,14661,11934
03/10/2014,10:20:13.910,36.76,36.78,14661,8243
03/10/2014,10:20:14.410,36.76,36.78,14467,8243
03/10/2014,10:20:14.410,36.76,36.78,14467,11193
03/10/2014,10:20:14.910,36.76,36.78,14467,11922
03/10/2014,10:20:15.392,36.76,36.78,14467,11197
03/10/2014,10:20:15.930,36.76,36.78,14467,11196
03/10/2014,10:20:16.448,36.75,36.78,11123,11196
03/10/2014,10:20:16.448,36.75,36.78,11123,8881
03/10/2014,10:20:16.990,36.75,36.78,8384,8881
03/10/2014,10:20:16.990,36.75,36.77,8384,5637
03/10/2014,10:20:17.424,36.75,36.77,8384,6465
03/10/2014,10:20:18.415,36.75,36.77,12481,6465
03/10/2014,10:20:18.415,36.75,36.77,12481,8456
03/10/2014,10:20:18.930,36.75,36.77,10144,8456
03/10/2014,10:20:19.438,36.75,36.77,4469,8456
03/10/2014,10:20:19.957,36.75,36.77,2714,8456
03/10/2014,10:20:19.957,36.75,36.77,2714,6752
03/10/2014,10:20:20.542,36.74,36.77,997,6752
03/10/2014,10:20:20.542,36.74,36.75,997,1144
03/10/2014,10:20:20.993,36.74,36.75,997,2585
03/10/2014,10:20:21.557,36.73,36.75,2801,2585
03/10/2014,10:20:21.557,36.73,36.75,2801,1956
03/10/2014,10:20:22.007,36.73,36.75,2801,1571
03/10/2014,10:20:22.572,36.73,36.75,548,1571
03/10/2014,10:20:22.572,36.73,36.75,548,4039
03/10/2014,10:20:23.022,36.73,36.75,782,4039
03/10/2014,10:20:23.022,36.73,36.75,782,2573
03/10/2014,10:20:23.473,36.72,36.75,25948,2573
03/10/2014,10:20:23.473,36.72,36.75,25948,4034
03/10/2014,10:20:23.970,36.72,36.75,25948,6923
03/10/2014,10:20:24.488,36.72,36.75,25948,8701
03/10/2014,10:20:25.051,36.73,36.75,251,8701
03/10/2014,10:20:25.051,36.73,36.74,251,3644
03/10/2014,10:20:25.502,36.73,36.74,251,2694
03/10/2014,10:20:26.004,36.73,36.74,251,4041
03/10/2014,10:20:26.534,36.73,36.74,293,4041
03/10/2014,10:20:26.984,36.72,36.74,26578,4041
03/10/2014,10:20:26.984,36.72,36.74,26578,2413
03/10/2014,10:20:27.547,36.73,36.74,472,2413
03/10/2014,10:20:28.491,36.73,36.74,2753,2413
03/10/2014,10:20:28.491,36.73,36.74,2753,2567
03/10/2014,10:20:29.011,36.73,36.74,3253,2567
03/10/2014,10:20:29.011,36.73,36.74,3253,3628
03/10/2014,10:20:29.579,36.74,36.74,1566,3628
03/10/2014,10:20:29.579,36.74,36.75,1566,1589
03/10/2014,10:20:30.030,36.74,36.75,490,1589
03/10/2014,10:20:30.030,36.74,36.75,490,2698
03/10/2014,10:20:30.533,36.73,36.75,9253,2698
03/10/2014,10:20:30.533,36.73,36.75,9253,1396
03/10/2014,10:20:31.011,36.74,36.75,921,1396
03/10/2014,10:20:31.011,36.74,36.76,921,1518
03/10/2014,10:20:31.547,36.74,36.76,706,1518
03/10/2014,10:20:31.547,36.74,36.75,706,300
03/10/2014,10:20:32.014,36.74,36.75,168,300
03/10/2014,10:20:32.014,36.74,36.75,168,452
03/10/2014,10:20:32.550,36.74,36.75,168,646
03/10/2014,10:20:32.996,36.74,36.75,168,744
03/10/2014,10:20:34.128,36.73,36.75,13918,744
03/10/2014,10:20:34.128,36.73,36.74,13918,1348
03/10/2014,10:20:34.579,36.73,36.74,13268,1348
03/10/2014,10:20:34.579,36.73,36.74,13268,6311
03/10/2014,10:20:36.126,36.73,36.74,9728,6311
03/10/2014,10:20:37.104,36.73,36.74,9728,382
03/10/2014,10:20:37.555,36.73,36.74,9728,102
03/10/2014,10:20:38.597,36.73,36.74,9728,382
03/10/2014,10:20:40.076,36.73,36.74,9368,382
03/10/2014,10:20:41.147,36.74,36.74,3605,382
03/10/2014,10:20:41.147,36.74,36.75,3605,4052
03/10/2014,10:20:43.096,36.74,36.75,10080,4052
03/10/2014,10:20:49.143,36.74,36.75,10080,5686
03/10/2014,10:20:52.640,36.74,36.75,10080,5769
03/10/2014,10:20:55.144,36.74,36.75,10080,4135
03/10/2014,10:20:57.146,36.74,36.75,10080,5769
03/10/2014,10:21:00.688,36.74,36.75,10080,7253
03/10/2014,10:21:01.116,36.74,36.75,4080,7253
03/10/2014,10:21:01.139,36.74,36.75,4080,5757
03/10/2014,10:21:02.190,36.74,36.75,4283,5757
03/10/2014,10:21:14.722,36.74,36.75,10629,5757
03/10/2014,10:21:14.722,36.74,36.75,10629,5664
03/10/2014,10:21:15.219,36.74,36.75,10629,5750
03/10/2014,10:21:29.342,36.74,36.75,10766,5750
03/10/2014,10:21:36.777,36.74,36.75,10812,5750
03/10/2014,10:21:38.277,36.74,36.75,11142,5750
03/10/2014,10:21:39.351,36.74,36.75,11142,7043
03/10/2014,10:21:41.342,36.74,36.75,13091,7043
03/10/2014,10:21:41.342,36.74,36.75,13091,6849
03/10/2014,10:21:47.371,36.74,36.75,13091,8601
03/10/2014,10:21:49.371,36.74,36.75,13091,6967
03/10/2014,10:22:08.444,36.74,36.75,13069,6967
03/10/2014,10:22:08.444,36.74,36.75,13069,6055
03/10/2014,10:22:08.898,36.74,36.75,13069,8017
03/10/2014,10:22:10.026,36.74,36.75,13069,4478
03/10/2014,10:22:10.477,36.74,36.75,13054,4478
03/10/2014,10:22:10.477,36.74,36.75,13054,6319
03/10/2014,10:22:11.491,36.75,36.75,3574,6319
03/10/2014,10:22:11.491,36.75,36.76,3574,4
03/10/2014,10:22:11.941,36.75,36.76,3574,974
03/10/2014,10:22:12.504,36.75,36.76,2533,974
03/10/2014,10:22:12.504,36.75,36.77,2533,1292
03/10/2014,10:22:12.957,36.76,36.77,233,1292
03/10/2014,10:22:12.957,36.76,36.77,233,316
03/10/2014,10:22:13.521,36.76,36.77,235,316
03/10/2014,10:22:13.521,36.76,36.77,235,406
03/10/2014,10:22:14.971,36.76,36.77,520,406
03/10/2014,10:22:14.971,36.76,36.77,520,1741
03/10/2014,10:22:15.534,36.76,36.77,780,1741
03/10/2014,10:22:15.534,36.76,36.77,780,2112
03/10/2014,10:22:15.991,36.76,36.77,780,2161
03/10/2014,10:22:16.440,36.76,36.77,1172,2161
03/10/2014,10:22:17.520,36.75,36.77,1081,2161
03/10/2014,10:22:17.520,36.75,36.76,1081,3876
03/10/2014,10:22:17.971,36.74,36.76,20858,3876
03/10/2014,10:22:17.971,36.74,36.75,20858,520
03/10/2014,10:22:18.534,36.74,36.75,21083,520
03/10/2014,10:22:18.534,36.74,36.75,21083,16
03/10/2014,10:22:18.984,36.74,36.75,21083,549
03/10/2014,10:22:19.547,36.74,36.75,21083,2361
03/10/2014,10:22:20.002,36.74,36.75,21083,3014
03/10/2014,10:22:20.565,36.74,36.75,21083,2361
03/10/2014,10:22:21.017,36.74,36.75,21083,3163
03/10/2014,10:22:21.498,36.74,36.75,20889,3163
03/10/2014,10:22:21.498,36.74,36.75,20889,4267
03/10/2014,10:22:21.992,36.74,36.75,20695,4267
03/10/2014,10:22:21.992,36.74,36.75,20695,4819
03/10/2014,10:22:24.583,36.74,36.75,20741,4819
03/10/2014,10:22:24.583,36.74,36.75,20741,4655
03/10/2014,10:22:25.020,36.74,36.75,20709,4655
03/10/2014,10:22:30.576,36.74,36.75,21087,4655
03/10/2014,10:22:30.576,36.74,36.75,21087,4079
03/10/2014,10:22:31.590,36.74,36.75,21087,3766
03/10/2014,10:22:32.041,36.74,36.75,21087,3841
03/10/2014,10:22:32.518,36.74,36.75,21087,3360
03/10/2014,10:22:33.016,36.74,36.75,21087,3348
03/10/2014,10:22:33.619,36.74,36.75,21805,3348
03/10/2014,10:22:33.619,36.74,36.75,21805,2992
03/10/2014,10:22:34.011,36.74,36.75,21805,2815
03/10/2014,10:22:34.588,36.74,36.75,21999,2815
03/10/2014,10:22:34.588,36.74,36.75,21999,2643
03/10/2014,10:22:37.028,36.74,36.75,22001,2643
03/10/2014,10:22:37.028,36.74,36.75,22001,3243
03/10/2014,10:22:37.591,36.74,36.75,22651,3243
03/10/2014,10:22:37.591,36.74,36.76,22651,1644
03/10/2014,10:22:38.155,36.75,36.76,440,1644
03/10/2014,10:22:38.155,36.75,36.76,440,1765
03/10/2014,10:22:39.578,36.75,36.76,417,1765
03/10/2014,10:22:39.578,36.75,36.77,417,1000
03/10/2014,10:22:40.603,36.75,36.77,7067,1000
03/10/2014,10:22:40.603,36.75,36.77,7067,1503
03/10/2014,10:22:41.091,36.75,36.77,8386,1503
03/10/2014,10:22:41.091,36.75,36.77,8386,1596
03/10/2014,10:22:43.566,36.75,36.77,11409,1596
03/10/2014,10:22:46.063,36.75,36.77,4565,1596
03/10/2014,10:22:46.627,36.75,36.77,2506,1596
03/10/2014,10:22:46.627,36.75,36.77,2506,2793
03/10/2014,10:22:47.190,36.75,36.77,2506,3152
03/10/2014,10:22:47.656,36.75,36.77,2506,2793
03/10/2014,10:22:48.120,36.75,36.77,8506,2793
03/10/2014,10:22:48.120,36.75,36.77,8506,3317
03/10/2014,10:22:48.586,36.75,36.77,8506,4369
03/10/2014,10:22:49.095,36.75,36.77,8548,4369
03/10/2014,10:22:49.658,36.75,36.77,10766,4369
03/10/2014,10:22:50.125,36.75,36.77,11416,4369
03/10/2014,10:22:50.125,36.75,36.77,11416,3814
03/10/2014,10:22:50.585,36.75,36.77,12031,3814
03/10/2014,10:22:55.156,36.75,36.77,14315,3814
03/10/2014,10:22:56.170,36.75,36.77,14326,3814
03/10/2014,10:22:57.184,36.75,36.77,12692,3814
03/10/2014,10:23:00.733,36.75,36.77,12042,3814
03/10/2014,10:23:00.733,36.75,36.77,12042,5098
03/10/2014,10:23:01.183,36.75,36.77,12042,5779
03/10/2014,10:23:01.747,36.75,36.77,12042,6144
03/10/2014,10:23:11.191,36.75,36.77,12179,6144
03/10/2014,10:23:16.770,36.75,36.77,16728,6144
03/10/2014,10:23:17.237,36.75,36.77,16728,6047
03/10/2014,10:23:25.730,36.75,36.77,16728,6104
03/10/2014,10:23:26.269,36.75,36.77,16728,7113
03/10/2014,10:23:26.833,36.75,36.77,16771,7113
03/10/2014,10:23:26.833,36.75,36.77,16771,7988
03/10/2014,10:23:28.316,36.75,36.77,17247,7988
03/10/2014,10:23:28.316,36.75,36.77,17247,8803
03/10/2014,10:23:41.801,36.75,36.77,11247,8803
03/10/2014,10:23:41.801,36.75,36.77,11247,9253
03/10/2014,10:23:43.287,36.75,36.77,9993,9253
03/10/2014,10:23:47.361,36.75,36.77,11627,9253
03/10/2014,10:23:49.352,36.75,36.77,12432,9253
03/10/2014,10:23:51.974,36.76,36.77,844,9253
03/10/2014,10:23:51.974,36.76,36.78,844,928
03/10/2014,10:23:52.473,36.76,36.78,1444,928
03/10/2014,10:23:52.473,36.76,36.78,1444,1138
03/10/2014,10:23:52.902,36.76,36.78,3318,1138
03/10/2014,10:23:52.902,36.76,36.78,3318,1122
03/10/2014,10:23:53.488,36.77,36.78,96,1122
03/10/2014,10:23:53.488,36.77,36.78,96,1484
03/10/2014,10:23:53.938,36.77,36.78,97,1484
03/10/2014,10:23:53.938,36.77,36.78,97,1220
03/10/2014,10:23:54.413,36.76,36.78,3908,1220
03/10/2014,10:23:54.413,36.76,36.78,3908,3632
03/10/2014,10:23:54.886,36.76,36.78,3258,3632
03/10/2014,10:23:54.886,36.76,36.78,3258,4175
03/10/2014,10:23:55.419,36.76,36.78,3138,4175
03/10/2014,10:23:55.419,36.76,36.78,3138,4681
03/10/2014,10:23:56.462,36.76,36.78,2818,4681
03/10/2014,10:23:58.382,36.76,36.78,10468,4681
03/10/2014,10:23:58.955,36.76,36.78,8834,4681
03/10/2014,10:24:00.445,36.76,36.78,12191,4681
03/10/2014,10:24:01.959,36.76,36.78,11541,4681
03/10/2014,10:24:01.959,36.76,36.77,11541,915
03/10/2014,10:24:02.472,36.76,36.77,11541,1272
03/10/2014,10:24:02.901,36.76,36.77,11541,1115
03/10/2014,10:24:03.402,36.76,36.77,12191,1115
03/10/2014,10:24:03.402,36.76,36.78,12191,2983
03/10/2014,10:24:09.492,36.76,36.78,16275,2983
03/10/2014,10:24:10.945,36.76,36.78,16475,2983
03/10/2014,10:24:12.973,36.76,36.78,16475,4065
03/10/2014,10:24:15.049,36.76,36.78,16609,4065
03/10/2014,10:24:17.015,36.76,36.78,16409,4065
03/10/2014,10:24:20.523,36.77,36.78,41,4065
03/10/2014,10:24:21.015,36.77,36.78,241,4065
03/10/2014,10:24:21.555,36.77,36.78,41,4065
03/10/2014,10:24:23.007,36.77,36.78,41,10921
03/10/2014,10:24:23.557,36.76,36.78,5181,10921
03/10/2014,10:24:23.557,36.76,36.78,5181,16198
03/10/2014,10:24:24.002,36.76,36.78,3291,16198
03/10/2014,10:24:24.002,36.76,36.78,3291,12270
03/10/2014,10:24:24.496,36.75,36.78,2055,12270
03/10/2014,10:24:24.496,36.75,36.77,2055,268
03/10/2014,10:24:25.058,36.75,36.77,2055,290
03/10/2014,10:24:25.504,36.75,36.77,1031,290
03/10/2014,10:24:25.504,36.75,36.77,1031,710
03/10/2014,10:24:26.494,36.75,36.77,219,710
03/10/2014,10:24:26.494,36.75,36.77,219,1065
03/10/2014,10:24:27.086,36.74,36.77,4745,1065
03/10/2014,10:24:27.086,36.74,36.77,4745,1909
03/10/2014,10:24:27.554,36.74,36.77,5054,1909
03/10/2014,10:24:27.554,36.74,36.77,5054,555
03/10/2014,10:24:28.028,36.74,36.77,12,555
03/10/2014,10:24:28.028,36.74,36.76,12,1148
03/10/2014,10:24:28.598,36.75,36.76,1,1148
03/10/2014,10:24:28.598,36.75,36.76,1,504
03/10/2014,10:24:29.063,36.74,36.76,212,504
03/10/2014,10:24:29.063,36.74,36.76,212,1770
03/10/2014,10:24:29.577,36.73,36.76,3783,1770
03/10/2014,10:24:29.577,36.73,36.76,3783,1372
03/10/2014,10:24:30.028,36.73,36.76,3783,835
03/10/2014,10:24:30.515,36.73,36.76,197,835
03/10/2014,10:24:30.515,36.73,36.75,197,154
03/10/2014,10:24:31.055,36.73,36.75,197,231
03/10/2014,10:24:31.596,36.72,36.75,27894,231
03/10/2014,10:24:32.075,36.72,36.75,24629,231
03/10/2014,10:24:32.075,36.72,36.76,24629,698
03/10/2014,10:24:32.530,36.72,36.76,25949,698
03/10/2014,10:24:32.530,36.72,36.76,25949,1047
03/10/2014,10:24:33.656,36.72,36.76,25116,1047
03/10/2014,10:24:33.656,36.72,36.76,25116,932
03/10/2014,10:24:34.558,36.74,36.76,369,932
03/10/2014,10:24:34.558,36.74,36.76,369,659
03/10/2014,10:24:35.099,36.74,36.76,8297,659
03/10/2014,10:24:35.099,36.74,36.77,8297,1027
03/10/2014,10:24:36.122,36.74,36.77,8297,833
03/10/2014,10:24:36.573,36.74,36.76,8297,82
03/10/2014,10:24:37.136,36.74,36.77,8297,833
03/10/2014,10:24:37.587,36.74,36.77,11181,833
03/10/2014,10:24:37.587,36.74,36.76,11181,41
03/10/2014,10:24:38.151,36.74,36.77,11181,833
03/10/2014,10:24:38.602,36.74,36.77,11831,833
03/10/2014,10:24:43.109,36.74,36.77,14631,833
03/10/2014,10:24:44.687,36.74,36.77,16077,833
03/10/2014,10:24:49.662,36.74,36.77,16077,1386
03/10/2014,10:24:50.677,36.74,36.77,15184,1386
03/10/2014,10:24:50.677,36.74,36.77,15184,2269
03/10/2014,10:24:54.685,36.74,36.77,15321,2269
03/10/2014,10:24:59.757,36.74,36.77,15321,3301
03/10/2014,10:25:00.209,36.74,36.77,15321,4167
03/10/2014,10:25:00.690,36.74,36.77,16127,4167
03/10/2014,10:25:00.690,36.74,36.77,16127,5855
03/10/2014,10:25:01.251,36.74,36.77,16127,6432
03/10/2014,10:25:01.718,36.74,36.77,15933,6432
03/10/2014,10:25:01.718,36.74,36.77,15933,6699
03/10/2014,10:25:04.722,36.74,36.77,15933,5858
03/10/2014,10:25:05.237,36.74,36.77,15933,6703
03/10/2014,10:25:11.280,36.74,36.77,15933,7492
03/10/2014,10:25:11.731,36.74,36.77,15933,9154
03/10/2014,10:25:12.745,36.74,36.77,8411,9154
03/10/2014,10:25:12.745,36.74,36.76,8411,803
03/10/2014,10:25:13.240,36.74,36.76,7319,803
03/10/2014,10:25:13.240,36.74,36.76,7319,2708
03/10/2014,10:25:13.804,36.74,36.76,10652,2708
03/10/2014,10:25:13.804,36.74,36.76,10652,4354
03/10/2014,10:25:16.284,36.74,36.76,7519,4354
03/10/2014,10:25:18.245,36.74,36.76,14713,4354
03/10/2014,10:25:18.828,36.75,36.76,367,4354
03/10/2014,10:25:18.828,36.75,36.76,367,4595
03/10/2014,10:25:19.293,36.75,36.76,546,4595
03/10/2014,10:25:21.754,36.75,36.76,546,4460
03/10/2014,10:25:22.316,36.75,36.76,346,4460
03/10/2014,10:25:22.809,36.75,36.76,546,4460
03/10/2014,10:25:27.819,36.75,36.76,548,4460
03/10/2014,10:25:35.847,36.75,36.76,1023,4460
03/10/2014,10:25:35.847,36.75,36.76,1023,4210
03/10/2014,10:25:36.410,36.75,36.76,1070,4210
03/10/2014,10:25:39.826,36.74,36.76,10099,4210
03/10/2014,10:25:39.826,36.74,36.75,10099,3353
03/10/2014,10:25:40.431,36.74,36.75,10099,5702
03/10/2014,10:25:40.825,36.74,36.75,4406,5702
03/10/2014,10:25:40.825,36.74,36.75,4406,6827
03/10/2014,10:25:41.333,36.74,36.75,4406,8336
03/10/2014,10:25:42.348,36.74,36.75,4406,8985
03/10/2014,10:25:48.934,36.74,36.75,2983,8985
03/10/2014,10:25:48.934,36.74,36.75,2983,7956
03/10/2014,10:25:49.425,36.74,36.75,2983,7981
03/10/2014,10:25:58.988,36.74,36.75,10319,7981
03/10/2014,10:26:00.465,36.74,36.75,10336,7981
03/10/2014,10:26:04.521,36.74,36.75,10853,7981
03/10/2014,10:26:05.438,36.74,36.75,9801,7981
03/10/2014,10:26:05.438,36.74,36.75,9801,8338
03/10/2014,10:26:06.001,36.74,36.75,9801,8516
03/10/2014,10:26:06.940,36.75,36.75,533,8516
03/10/2014,10:26:06.940,36.75,36.76,533,1664
03/10/2014,10:26:14.479,36.75,36.76,2533,1664
03/10/2014,10:26:15.043,36.75,36.76,2744,1664
03/10/2014,10:26:18.493,36.75,36.76,3044,1664
03/10/2014,10:26:27.012,36.75,36.76,3044,390
03/10/2014,10:26:30.051,36.76,36.76,399,390
03/10/2014,10:26:30.051,36.76,36.77,399,767
03/10/2014,10:26:30.572,36.76,36.77,399,795
03/10/2014,10:26:32.595,36.76,36.77,399,797
03/10/2014,10:26:35.150,36.76,36.77,116,797
03/10/2014,10:26:40.109,36.76,36.77,116,1857
03/10/2014,10:26:40.673,36.76,36.77,116,2347
03/10/2014,10:26:41.128,36.76,36.77,195,2347
03/10/2014,10:26:42.144,36.76,36.77,2483,2347
03/10/2014,10:26:43.157,36.76,36.77,2483,1804
03/10/2014,10:26:43.644,36.76,36.77,2483,2433
03/10/2014,10:26:48.720,36.76,36.77,2583,2433
03/10/2014,10:26:55.669,36.76,36.77,3303,2433
03/10/2014,10:27:00.668,36.76,36.77,3303,3094
03/10/2014,10:27:01.682,36.76,36.77,3303,4047
03/10/2014,10:27:16.270,36.76,36.77,3303,5145
03/10/2014,10:27:16.721,36.76,36.77,3303,6015
03/10/2014,10:27:17.783,36.76,36.77,3345,6015
03/10/2014,10:27:20.726,36.75,36.77,9841,6015
03/10/2014,10:27:21.275,36.75,36.77,11475,6015
03/10/2014,10:27:21.805,36.75,36.77,11361,6015
03/10/2014,10:27:25.269,36.75,36.77,9533,6015
03/10/2014,10:27:26.283,36.75,36.77,9402,6015
03/10/2014,10:27:26.283,36.75,36.76,9402,2810
03/10/2014,10:27:26.847,36.75,36.76,9402,3812
03/10/2014,10:27:27.289,36.75,36.76,9242,3812
03/10/2014,10:27:28.348,36.75,36.76,9242,4872
03/10/2014,10:27:28.798,36.75,36.76,9242,5265
03/10/2014,10:27:31.794,36.75,36.76,11889,5265
03/10/2014,10:27:33.820,36.75,36.76,11889,5211
03/10/2014,10:27:35.902,36.75,36.76,12229,5211
03/10/2014,10:27:41.892,36.75,36.76,12229,5275
03/10/2014,10:27:42.446,36.75,36.76,12229,5280
03/10/2014,10:27:47.422,36.75,36.76,12366,5280
03/10/2014,10:27:49.398,36.75,36.76,14000,5280
03/10/2014,10:27:50.925,36.75,36.76,14000,5631
03/10/2014,10:27:51.360,36.75,36.76,12366,5631
03/10/2014,10:27:51.376,36.75,36.76,12366,5806
03/10/2014,10:27:52.877,36.75,36.76,12408,5806
03/10/2014,10:27:56.390,36.76,36.76,653,5806
03/10/2014,10:27:56.390,36.76,36.77,653,4277
03/10/2014,10:27:56.953,36.76,36.77,819,4277
03/10/2014,10:28:03.442,36.76,36.77,1245,4277
03/10/2014,10:28:19.538,36.76,36.77,1245,4583
03/10/2014,10:28:22.001,36.76,36.77,1245,6733
03/10/2014,10:28:27.569,36.75,36.77,10056,6733
03/10/2014,10:28:29.046,36.75,36.77,10014,6733
03/10/2014,10:28:30.537,36.75,36.77,9798,6733
03/10/2014,10:28:36.080,36.75,36.77,9804,6733
03/10/2014,10:28:36.080,36.75,36.76,9804,3067
03/10/2014,10:28:36.569,36.75,36.76,9804,4590
03/10/2014,10:28:37.657,36.75,36.76,13568,4590
03/10/2014,10:28:40.156,36.75,36.76,13569,4590
03/10/2014,10:28:49.662,36.75,36.76,13569,5047
03/10/2014,10:28:50.108,36.75,36.76,13569,5229
03/10/2014,10:28:54.225,36.75,36.76,21612,5229
03/10/2014,10:28:54.225,36.75,36.77,21612,4446
03/10/2014,10:28:55.733,36.75,36.77,21407,4446
03/10/2014,10:28:55.733,36.75,36.77,21407,4215
03/10/2014,10:28:59.170,36.75,36.77,21162,4215
03/10/2014,10:28:59.793,36.75,36.77,22111,4215
03/10/2014,10:29:00.694,36.75,36.77,22111,3590
03/10/2014,10:29:05.772,36.75,36.77,22111,4674
03/10/2014,10:29:09.175,36.75,36.77,23211,4674
03/10/2014,10:29:09.252,36.75,36.77,23211,5825
03/10/2014,10:29:12.238,36.75,36.77,23348,5825
03/10/2014,10:29:15.809,36.75,36.77,23349,5825
03/10/2014,10:29:15.809,36.75,36.77,23349,6023
03/10/2014,10:29:16.260,36.75,36.77,23349,5825
03/10/2014,10:29:18.314,36.75,36.77,23349,3888
03/10/2014,10:29:18.782,36.75,36.77,20239,3888
03/10/2014,10:29:19.234,36.75,36.77,13045,3888
03/10/2014,10:29:19.234,36.75,36.77,13045,4834
03/10/2014,10:29:19.797,36.75,36.77,11830,4834
03/10/2014,10:29:19.797,36.75,36.77,11830,4548
03/10/2014,10:29:20.269,36.75,36.77,11830,4734
03/10/2014,10:29:20.811,36.75,36.77,11429,4734
03/10/2014,10:29:20.811,36.75,36.77,11429,4729
03/10/2014,10:29:21.262,36.75,36.77,11296,4729
03/10/2014,10:29:21.825,36.75,36.77,11252,4729
03/10/2014,10:29:22.275,36.75,36.77,11240,4729
03/10/2014,10:29:22.839,36.75,36.77,11235,4729
03/10/2014,10:29:23.290,36.75,36.77,11356,4729
03/10/2014,10:29:30.334,36.75,36.77,11139,4729
03/10/2014,10:29:30.334,36.75,36.77,11139,5169
03/10/2014,10:29:33.845,36.75,36.77,11139,5244
03/10/2014,10:29:40.872,36.75,36.77,18152,5244
03/10/2014,10:29:41.435,36.76,36.77,13,5244
03/10/2014,10:29:41.888,36.75,36.77,17284,5244
03/10/2014,10:29:41.888,36.75,36.77,17284,5579
03/10/2014,10:29:42.320,36.75,36.77,17237,5579
03/10/2014,10:29:42.900,36.75,36.77,17217,5579
03/10/2014,10:29:43.351,36.75,36.77,17215,5579
03/10/2014,10:29:53.369,36.75,36.77,17224,5579
03/10/2014,10:29:53.369,36.75,36.76,17224,4122
03/10/2014,10:29:53.866,36.75,36.76,17222,4122
03/10/2014,10:29:53.866,36.75,36.76,17222,4344
03/10/2014,10:29:54.362,36.75,36.76,17222,4892
03/10/2014,10:29:56.876,36.75,36.76,18229,4892
03/10/2014,10:29:57.371,36.75,36.76,18428,4892
03/10/2014,10:29:59.880,36.75,36.76,18428,4949
03/10/2014,10:30:00.405,36.75,36.76,18428,4179
03/10/2014,10:30:02.929,36.75,36.76,11428,4179
03/10/2014,10:30:05.403,36.75,36.76,11427,4179
03/10/2014,10:30:09.939,36.76,36.76,91,4179
03/10/2014,10:30:09.939,36.76,36.77,91,2514
03/10/2014,10:30:11.445,36.76,36.77,91,2517
03/10/2014,10:30:15.479,36.76,36.77,91,1819
03/10/2014,10:30:15.950,36.76,36.77,91,1729
03/10/2014,10:30:16.972,36.76,36.77,477,1729
03/10/2014,10:30:21.498,36.76,36.77,477,1790
03/10/2014,10:30:25.022,36.77,36.77,1865,1790
03/10/2014,10:30:25.022,36.77,36.78,1865,8994
03/10/2014,10:30:25.521,36.77,36.78,2469,8994
03/10/2014,10:30:25.521,36.77,36.78,2469,9779
03/10/2014,10:30:28.541,36.77,36.78,2469,10454
03/10/2014,10:30:30.527,36.77,36.78,2469,10269
03/10/2014,10:30:32.045,36.77,36.78,2700,10269
03/10/2014,10:30:35.552,36.77,36.78,2700,4209
03/10/2014,10:30:36.084,36.77,36.78,2700,5236
03/10/2014,10:30:42.107,36.77,36.78,2700,5867
03/10/2014,10:30:43.100,36.77,36.78,2787,5867
03/10/2014,10:30:43.100,36.77,36.78,2787,6065
03/10/2014,10:30:45.090,36.78,36.78,479,6065
03/10/2014,10:30:45.090,36.78,36.79,479,3103
03/10/2014,10:30:45.614,36.78,36.79,479,2871
03/10/2014,10:30:47.143,36.78,36.79,479,3619
03/10/2014,10:30:47.611,36.78,36.79,4459,3619
03/10/2014,10:30:49.092,36.78,36.79,7983,3619
03/10/2014,10:30:49.092,36.78,36.79,7983,4467
03/10/2014,10:30:50.106,36.78,36.79,8214,4467
03/10/2014,10:30:53.139,36.78,36.79,6324,4467
03/10/2014,10:30:53.139,36.78,36.79,6324,4466
03/10/2014,10:30:54.127,36.78,36.79,6524,4466
03/10/2014,10:31:01.700,36.78,36.79,8414,4466
03/10/2014,10:31:01.700,36.78,36.79,8414,4468
03/10/2014,10:31:04.748,36.78,36.79,8414,5852
03/10/2014,10:31:09.766,36.78,36.79,6524,5852
03/10/2014,10:31:11.216,36.78,36.79,8414,5852
03/10/2014,10:31:11.778,36.78,36.79,8551,5852
03/10/2014,10:31:15.282,36.78,36.79,6661,5852
03/10/2014,10:31:16.296,36.78,36.79,6781,5852
03/10/2014,10:31:18.249,36.78,36.79,6781,5512
03/10/2014,10:31:24.325,36.79,36.79,1535,5512
03/10/2014,10:31:24.325,36.79,36.8,1535,10319
03/10/2014,10:31:24.810,36.79,36.8,3585,10319
03/10/2014,10:31:24.810,36.79,36.8,3585,10405
03/10/2014,10:31:25.319,36.79,36.8,3816,10405
03/10/2014,10:31:28.796,36.79,36.8,3616,10405
03/10/2014,10:31:30.846,36.79,36.8,1726,10405
03/10/2014,10:31:34.365,36.78,36.8,9119,10405
03/10/2014,10:31:34.365,36.78,36.8,9119,10552
03/10/2014,10:31:34.867,36.78,36.8,7229,10552
03/10/2014,10:31:34.867,36.78,36.8,7229,9552
03/10/2014,10:31:35.319,36.78,36.8,7595,9552
03/10/2014,10:31:35.883,36.79,36.8,458,9552
03/10/2014,10:31:35.883,36.79,36.8,458,4554
03/10/2014,10:31:36.333,36.78,36.8,8441,4554
03/10/2014,10:31:37.353,36.78,36.8,10075,4554
03/10/2014,10:31:37.353,36.78,36.8,10075,5054
03/10/2014,10:31:41.397,36.79,36.8,458,5054
03/10/2014,10:31:41.865,36.79,36.8,458,3553
03/10/2014,10:31:42.422,36.79,36.8,658,3553
03/10/2014,10:31:42.422,36.79,36.8,658,3359
03/10/2014,10:31:44.414,36.79,36.8,658,3377
03/10/2014,10:31:49.446,36.79,36.8,658,4438
03/10/2014,10:31:50.446,36.79,36.8,660,4438
03/10/2014,10:31:55.439,36.79,36.8,660,3636
03/10/2014,10:31:56.404,36.79,36.8,849,3636
03/10/2014,10:32:01.508,36.79,36.8,2739,3636
03/10/2014,10:32:03.499,36.79,36.8,2539,3636
03/10/2014,10:32:03.499,36.79,36.8,2539,4636
03/10/2014,10:32:05.029,36.79,36.8,2539,4830
03/10/2014,10:32:07.532,36.79,36.8,2539,5978
03/10/2014,10:32:17.528,36.79,36.8,2539,5821
03/10/2014,10:32:18.049,36.79,36.8,2256,5821
03/10/2014,10:32:18.573,36.79,36.8,2162,5821
03/10/2014,10:32:18.993,36.79,36.8,2131,5821
03/10/2014,10:32:19.495,36.79,36.8,242,5821
03/10/2014,10:32:19.495,36.79,36.8,242,5823
03/10/2014,10:32:20.992,36.79,36.8,4655,5823
03/10/2014,10:32:22.020,36.79,36.8,4654,5823
03/10/2014,10:32:22.560,36.79,36.8,6544,5823
03/10/2014,10:32:23.097,36.79,36.8,8178,5823
03/10/2014,10:32:23.597,36.8,36.8,232,5823
03/10/2014,10:32:23.597,36.8,36.81,232,3210
03/10/2014,10:32:24.048,36.79,36.81,8963,3210
03/10/2014,10:32:24.048,36.79,36.81,8963,4289
03/10/2014,10:32:24.530,36.79,36.81,7073,4289
03/10/2014,10:32:24.530,36.79,36.81,7073,3844
03/10/2014,10:32:25.014,36.79,36.81,6483,3844
03/10/2014,10:32:25.569,36.79,36.81,5594,3844
03/10/2014,10:32:25.569,36.79,36.81,5594,4085
03/10/2014,10:32:26.089,36.79,36.81,7484,4085
03/10/2014,10:32:26.614,36.79,36.81,5515,4085
03/10/2014,10:32:29.597,36.8,36.81,5000,4085
03/10/2014,10:32:29.597,36.8,36.81,5000,5028
03/10/2014,10:32:30.046,36.8,36.81,5000,5078
03/10/2014,10:32:31.069,36.8,36.81,8524,5078
03/10/2014,10:32:34.600,36.8,36.81,8524,5080
03/10/2014,10:32:36.136,36.8,36.81,9930,5080
03/10/2014,10:32:38.137,36.8,36.81,10019,5080
03/10/2014,10:32:40.086,36.8,36.81,8129,5080
03/10/2014,10:32:43.610,36.8,36.81,8129,4865
03/10/2014,10:32:44.181,36.8,36.81,7982,4865
03/10/2014,10:32:49.175,36.8,36.81,7982,5970
03/10/2014,10:32:51.210,36.8,36.81,6348,5970
03/10/2014,10:32:53.191,36.8,36.81,7982,5970
03/10/2014,10:32:53.191,36.8,36.81,7982,5869
03/10/2014,10:32:57.680,36.81,36.81,869,5869
03/10/2014,10:32:57.680,36.81,36.82,869,1260
03/10/2014,10:32:58.319,36.81,36.82,113,1260
03/10/2014,10:32:58.319,36.81,36.82,113,2317
03/10/2014,10:32:58.744,36.8,36.82,15626,2317
03/10/2014,10:32:58.744,36.8,36.82,15626,1739
03/10/2014,10:32:59.251,36.8,36.82,15967,1739
03/10/2014,10:32:59.251,36.8,36.82,15967,1903
03/10/2014,10:33:02.694,36.8,36.82,16661,1903
03/10/2014,10:33:06.238,36.8,36.82,18551,1903
03/10/2014,10:33:16.764,36.8,36.82,18551,1960
03/10/2014,10:33:17.310,36.82,36.82,890,1960
03/10/2014,10:33:17.310,36.82,36.83,890,1382
03/10/2014,10:33:17.779,36.82,36.83,2210,1382
03/10/2014,10:33:17.779,36.82,36.83,2210,1755
03/10/2014,10:33:18.315,36.82,36.83,2210,2118
03/10/2014,10:33:19.261,36.82,36.83,4100,2118
03/10/2014,10:33:20.286,36.82,36.83,2210,2118
03/10/2014,10:33:24.290,36.82,36.83,4100,2118
03/10/2014,10:33:24.290,36.82,36.83,4100,3020
03/10/2014,10:33:24.832,36.82,36.83,4100,3329
03/10/2014,10:33:25.304,36.82,36.83,5734,3329
03/10/2014,10:33:26.347,36.82,36.83,5734,3341
03/10/2014,10:33:26.798,36.82,36.83,5734,3936
03/10/2014,10:33:27.353,36.82,36.83,7140,3936
03/10/2014,10:33:30.325,36.82,36.83,7140,3409
03/10/2014,10:33:30.888,36.82,36.83,5871,3409
03/10/2014,10:33:31.339,36.82,36.83,3981,3409
03/10/2014,10:33:31.895,36.81,36.83,458,3409
03/10/2014,10:33:31.895,36.81,36.83,458,3743
03/10/2014,10:33:32.343,36.81,36.83,937,3743
03/10/2014,10:33:32.343,36.81,36.82,937,3233
03/10/2014,10:33:32.903,36.81,36.82,937,4235
03/10/2014,10:33:33.367,36.8,36.82,8943,4235
03/10/2014,10:33:33.367,36.8,36.82,8943,4210
03/10/2014,10:33:33.825,36.8,36.82,7500,4210
03/10/2014,10:33:34.348,36.8,36.82,6666,4210
03/10/2014,10:33:34.348,36.8,36.82,6666,3774
03/10/2014,10:33:34.857,36.8,36.82,6666,3798
03/10/2014,10:33:35.395,36.8,36.82,8021,3798
03/10/2014,10:33:35.846,36.8,36.82,15409,3798
03/10/2014,10:33:38.390,36.8,36.82,15409,4943
03/10/2014,10:33:38.913,36.8,36.82,15409,5334
03/10/2014,10:33:39.364,36.81,36.82,2,5334
03/10/2014,10:33:39.863,36.81,36.82,20,5334
03/10/2014,10:33:42.875,36.81,36.82,5096,5334
03/10/2014,10:33:44.919,36.81,36.82,6986,5334
03/10/2014,10:33:45.489,36.81,36.82,8616,5334
03/10/2014,10:33:49.458,36.81,36.82,8616,4737
03/10/2014,10:33:50.924,36.81,36.82,8617,4737
03/10/2014,10:33:55.997,36.82,36.82,1259,4737
03/10/2014,10:33:55.997,36.82,36.83,1259,194
03/10/2014,10:33:56.449,36.82,36.83,487,194
03/10/2014,10:33:56.449,36.82,36.83,487,942
03/10/2014,10:33:57.038,36.82,36.83,523,942
03/10/2014,10:33:57.038,36.82,36.83,523,1213
03/10/2014,10:33:57.981,36.82,36.83,523,3182
03/10/2014,10:34:04.474,36.81,36.83,8802,3182
03/10/2014,10:34:04.998,36.81,36.83,5282,3182
03/10/2014,10:34:07.079,36.81,36.83,6912,3182
03/10/2014,10:34:12.606,36.81,36.83,13912,3182
03/10/2014,10:34:15.098,36.81,36.83,16646,3182
03/10/2014,10:34:16.109,36.82,36.83,2040,3182
03/10/2014,10:34:17.597,36.82,36.83,2041,3182
03/10/2014,10:34:20.586,36.82,36.83,2136,3182
03/10/2014,10:34:21.565,36.81,36.83,7238,3182
03/10/2014,10:34:21.565,36.81,36.83,7238,4287
03/10/2014,10:34:22.052,36.81,36.83,4376,4287
03/10/2014,10:34:22.052,36.81,36.83,4376,4725
03/10/2014,10:34:22.616,36.81,36.83,4376,5059
03/10/2014,10:34:23.067,36.81,36.83,13006,5059
03/10/2014,10:34:23.067,36.81,36.83,13006,4409
03/10/2014,10:34:23.629,36.81,36.83,13007,4409
03/10/2014,10:34:34.158,36.81,36.83,8007,4409
03/10/2014,10:34:34.158,36.81,36.83,8007,4411
03/10/2014,10:34:35.116,36.81,36.83,6377,4411
03/10/2014,10:34:38.206,36.81,36.83,7027,4411
03/10/2014,10:34:38.206,36.81,36.83,7027,3656
03/10/2014,10:34:38.686,36.81,36.83,6377,3656
03/10/2014,10:34:38.686,36.81,36.83,6377,3985
03/10/2014,10:34:39.632,36.81,36.83,13377,3985
03/10/2014,10:34:40.197,36.81,36.83,14071,3985
03/10/2014,10:34:47.166,36.81,36.83,15701,3985
03/10/2014,10:34:49.237,36.81,36.83,15733,3985
03/10/2014,10:34:52.255,36.81,36.83,8733,3985
03/10/2014,10:34:56.774,36.81,36.83,8539,3985
03/10/2014,10:34:56.774,36.81,36.83,8539,5860
03/10/2014,10:34:57.224,36.81,36.83,8539,6312
03/10/2014,10:34:57.787,36.81,36.83,15539,6312
03/10/2014,10:34:59.217,36.81,36.83,13909,6312
03/10/2014,10:35:01.226,36.81,36.83,15539,6312
03/10/2014,10:35:01.713,36.81,36.83,17429,6312
03/10/2014,10:35:02.277,36.81,36.83,19187,6312
03/10/2014,10:35:03.787,36.8,36.83,8144,6312
03/10/2014,10:35:03.787,36.8,36.82,8144,4996
03/10/2014,10:35:04.335,36.79,36.82,898,4996
03/10/2014,10:35:04.335,36.79,36.81,898,1715
03/10/2014,10:35:04.820,36.79,36.81,898,3244
03/10/2014,10:35:05.272,36.78,36.81,2352,3244
03/10/2014,10:35:05.272,36.78,36.81,2352,3338
03/10/2014,10:35:05.835,36.78,36.81,2352,5493
03/10/2014,10:35:06.249,36.78,36.81,2188,5493
03/10/2014,10:35:06.249,36.78,36.8,2188,2894
03/10/2014,10:35:06.831,36.78,36.8,3012,2894
03/10/2014,10:35:06.831,36.78,36.8,3012,4250
03/10/2014,10:35:07.300,36.78,36.8,3012,4279
03/10/2014,10:35:07.769,36.78,36.8,2818,4279
03/10/2014,10:35:07.769,36.78,36.8,2818,6507
03/10/2014,10:35:10.353,36.78,36.8,796,6507
03/10/2014,10:35:10.824,36.76,36.8,10755,6507
03/10/2014,10:35:10.824,36.76,36.79,10755,5406
03/10/2014,10:35:11.290,36.76,36.79,8944,5406
03/10/2014,10:35:11.290,36.76,36.79,8944,6798
03/10/2014,10:35:12.307,36.76,36.79,8163,6798
03/10/2014,10:35:14.805,36.76,36.79,8357,6798
03/10/2014,10:35:14.805,36.76,36.79,8357,7378
03/10/2014,10:35:20.891,36.76,36.79,9007,7378
03/10/2014,10:35:20.891,36.76,36.79,9007,7248
03/10/2014,10:35:21.341,36.76,36.79,9007,7676
03/10/2014,10:35:22.357,36.77,36.79,748,7676
03/10/2014,10:35:22.357,36.77,36.78,748,2251
03/10/2014,10:35:22.904,36.77,36.78,2343,2251
03/10/2014,10:35:24.362,36.77,36.78,2343,3390
03/10/2014,10:35:26.421,36.77,36.78,2343,3280
03/10/2014,10:35:32.464,36.77,36.78,4343,3280
03/10/2014,10:35:32.464,36.77,36.78,4343,3281
03/10/2014,10:35:33.889,36.77,36.78,4343,3974
03/10/2014,10:35:41.907,36.77,36.78,4432,3974
03/10/2014,10:35:45.533,36.77,36.78,4432,4673
03/10/2014,10:35:48.477,36.77,36.78,4432,4705
03/10/2014,10:35:49.030,36.77,36.78,4432,5482
03/10/2014,10:35:59.492,36.77,36.78,4434,5482
03/10/2014,10:36:07.598,36.77,36.78,5115,5482
03/10/2014,10:36:12.588,36.77,36.78,5115,4732
03/10/2014,10:36:13.646,36.77,36.78,5115,6607
03/10/2014,10:36:14.121,36.76,36.78,1250,6607
03/10/2014,10:36:14.121,36.76,36.77,1250,2122
03/10/2014,10:36:14.664,36.75,36.77,6325,2122
03/10/2014,10:36:14.664,36.75,36.77,6325,3940
03/10/2014,10:36:15.123,36.75,36.77,6325,6118
03/10/2014,10:36:15.585,36.75,36.77,5390,6118
03/10/2014,10:36:15.585,36.75,36.77,5390,6662
03/10/2014,10:36:16.129,36.75,36.77,5390,6773
03/10/2014,10:36:17.648,36.75,36.77,1180,6773
03/10/2014,10:36:17.648,36.75,36.76,1180,842
03/10/2014,10:36:18.099,36.75,36.76,1175,842
03/10/2014,10:36:18.099,36.75,36.76,1175,3735
03/10/2014,10:36:18.663,36.75,36.76,1075,3735
03/10/2014,10:36:18.663,36.75,36.76,1075,5526
03/10/2014,10:36:19.113,36.75,36.76,1052,5526
03/10/2014,10:36:19.113,36.75,36.76,1052,5554
03/10/2014,10:36:19.679,36.74,36.76,195,5554
03/10/2014,10:36:19.679,36.74,36.76,195,6398
03/10/2014,10:36:25.128,36.74,36.75,195,4065
03/10/2014,10:36:25.691,36.73,36.75,15804,4065
03/10/2014,10:36:25.691,36.73,36.75,15804,5876
03/10/2014,10:36:28.691,36.73,36.75,14478,5876
03/10/2014,10:36:33.168,36.75,36.75,3,5876
03/10/2014,10:36:33.168,36.75,36.76,3,3822
03/10/2014,10:36:34.188,36.75,36.76,3,3879
03/10/2014,10:36:35.181,36.75,36.76,3181,3879
03/10/2014,10:36:38.191,36.75,36.76,3181,3965
03/10/2014,10:36:38.754,36.75,36.76,3181,4042
03/10/2014,10:36:40.204,36.75,36.76,10831,4042
03/10/2014,10:36:40.204,36.75,36.77,10831,4449
03/10/2014,10:36:40.756,36.75,36.77,10831,5260
03/10/2014,10:36:45.782,36.75,36.77,10831,4806
03/10/2014,10:36:47.288,36.76,36.77,1000,4806
03/10/2014,10:36:47.288,36.76,36.77,1000,5848
03/10/2014,10:36:56.267,36.76,36.77,1000,5850
03/10/2014,10:36:58.830,36.75,36.77,5343,5850
03/10/2014,10:36:58.830,36.75,36.77,5343,7844
03/10/2014,10:36:59.357,36.75,36.77,3453,7844
03/10/2014,10:37:03.314,36.75,36.77,3453,7299
03/10/2014,10:37:03.872,36.75,36.77,3389,7299
03/10/2014,10:37:03.872,36.75,36.77,3389,7504
03/10/2014,10:37:05.810,36.74,36.77,3470,7504
03/10/2014,10:37:05.810,36.74,36.77,3470,8154
03/10/2014,10:37:06.357,36.74,36.77,1580,8154
03/10/2014,10:37:06.357,36.74,36.77,1580,8157
03/10/2014,10:37:06.882,36.75,36.77,5,8157
03/10/2014,10:37:06.882,36.75,36.76,5,3387
03/10/2014,10:37:07.380,36.75,36.76,3,3387
03/10/2014,10:37:07.380,36.75,36.76,3,4715
03/10/2014,10:37:07.895,36.74,36.76,195,4715
03/10/2014,10:37:07.895,36.74,36.76,195,6046
03/10/2014,10:37:08.842,36.73,36.76,8635,6046
03/10/2014,10:37:09.410,36.73,36.76,7500,6046
03/10/2014,10:37:09.893,36.73,36.76,12320,6046
03/10/2014,10:37:10.841,36.73,36.76,12320,6739
03/10/2014,10:37:11.360,36.73,36.76,15150,6739
03/10/2014,10:37:20.410,36.75,36.76,8000,6739
03/10/2014,10:37:20.410,36.75,36.76,8000,3961
03/10/2014,10:37:20.947,36.76,36.76,363,3961
03/10/2014,10:37:20.947,36.76,36.77,363,3013
03/10/2014,10:37:21.432,36.76,36.77,363,4574
03/10/2014,10:37:21.937,36.76,36.77,363,2574
03/10/2014,10:37:22.405,36.76,36.77,363,2731
03/10/2014,10:37:25.427,36.77,36.77,56,2731
03/10/2014,10:37:25.427,36.77,36.78,56,1649
03/10/2014,10:37:25.974,36.77,36.78,56,3246
03/10/2014,10:37:26.916,36.77,36.78,1572,3246
03/10/2014,10:37:28.484,36.77,36.78,1652,3246
03/10/2014,10:37:28.484,36.77,36.78,1652,5445
03/10/2014,10:37:35.505,36.77,36.78,1652,4665
03/10/2014,10:37:42.983,36.77,36.78,2432,4665
03/10/2014,10:37:42.983,36.77,36.78,2432,4859
03/10/2014,10:37:45.517,36.77,36.78,2432,5043
03/10/2014,10:37:54.538,36.77,36.78,2432,5110
03/10/2014,10:37:55.603,36.77,36.78,2432,5724
03/10/2014,10:37:58.557,36.77,36.78,2432,4944
03/10/2014,10:38:05.641,36.77,36.78,6471,4944
03/10/2014,10:38:05.641,36.77,36.78,6471,5342
03/10/2014,10:38:07.164,36.78,36.78,56,5342
03/10/2014,10:38:07.164,36.78,36.79,56,616
03/10/2014,10:38:07.669,36.78,36.79,170,616
03/10/2014,10:38:07.669,36.78,36.79,170,1634
03/10/2014,10:38:09.170,36.77,36.79,14725,1634
03/10/2014,10:38:09.170,36.77,36.79,14725,2696
03/10/2014,10:38:09.650,36.77,36.79,14682,2696
03/10/2014,10:38:10.648,36.77,36.79,14682,2922
03/10/2014,10:38:11.164,36.77,36.79,14682,3498
03/10/2014,10:38:18.672,36.78,36.79,780,3498
03/10/2014,10:38:19.172,36.78,36.79,814,3498
03/10/2014,10:38:28.208,36.78,36.79,815,3498
03/10/2014,10:38:28.208,36.78,36.79,815,4682
03/10/2014,10:38:30.726,36.78,36.79,815,3682
03/10/2014,10:38:35.775,36.78,36.79,816,3682
03/10/2014,10:38:37.754,36.78,36.79,1244,3682
03/10/2014,10:38:37.754,36.78,36.79,1244,6479
03/10/2014,10:38:38.226,36.78,36.79,1054,6479
03/10/2014,10:38:38.226,36.78,36.79,1054,7422
03/10/2014,10:38:38.755,36.77,36.79,183,7422
03/10/2014,10:38:38.755,36.77,36.78,183,2925
03/10/2014,10:38:39.253,36.77,36.78,167,2925
03/10/2014,10:38:39.253,36.77,36.78,167,4527
03/10/2014,10:38:39.756,36.77,36.78,94,4527
03/10/2014,10:38:39.756,36.77,36.78,94,5636
03/10/2014,10:38:40.253,36.76,36.78,2286,5636
03/10/2014,10:38:40.253,36.76,36.78,2286,5644
03/10/2014,10:38:40.818,36.76,36.78,724,5644
03/10/2014,10:38:40.818,36.76,36.78,724,6294
03/10/2014,10:38:41.254,36.75,36.78,9861,6294
03/10/2014,10:38:41.332,36.75,36.78,9861,6350
03/10/2014,10:38:42.269,36.75,36.78,7620,6350
03/10/2014,10:38:42.269,36.75,36.78,7620,6294
03/10/2014,10:38:42.772,36.75,36.78,7620,6928
03/10/2014,10:38:46.299,36.75,36.78,15070,6928
03/10/2014,10:38:46.299,36.75,36.78,15070,8895
03/10/2014,10:38:50.282,36.75,36.78,15270,8895
03/10/2014,10:38:51.301,36.77,36.78,4997,8895
03/10/2014,10:38:51.301,36.77,36.78,4997,6937
03/10/2014,10:38:52.344,36.77,36.78,9485,6937
03/10/2014,10:38:57.343,36.77,36.78,8285,6937
03/10/2014,10:39:08.391,36.77,36.78,9065,6937
03/10/2014,10:39:11.929,36.77,36.78,5268,6937
03/10/2014,10:39:16.468,36.78,36.78,1063,6937
03/10/2014,10:39:16.468,36.78,36.79,1063,5909
03/10/2014,10:39:16.957,36.77,36.79,5056,5909
03/10/2014,10:39:16.957,36.77,36.79,5056,5102
03/10/2014,10:39:17.465,36.77,36.79,5056,6004
03/10/2014,10:39:20.000,36.77,36.79,5098,6004
03/10/2014,10:39:23.456,36.77,36.79,5099,6004
03/10/2014,10:39:26.508,36.78,36.79,780,6004
03/10/2014,10:39:27.009,36.78,36.79,827,6004
03/10/2014,10:39:31.546,36.78,36.79,827,5921
03/10/2014,10:39:32.533,36.78,36.79,827,4480
03/10/2014,10:39:43.060,36.77,36.79,5099,4480
03/10/2014,10:39:47.579,36.77,36.79,6698,4480
03/10/2014,10:39:47.579,36.77,36.79,6698,5536
03/10/2014,10:39:49.104,36.77,36.79,6698,5266
03/10/2014,10:39:49.547,36.77,36.79,6698,5352
03/10/2014,10:39:51.099,36.77,36.79,6698,5409
03/10/2014,10:39:53.583,36.77,36.79,6698,5381
03/10/2014,10:39:58.151,36.77,36.79,6778,5381
03/10/2014,10:40:00.665,36.77,36.79,6778,6026
03/10/2014,10:40:09.641,36.77,36.79,6821,6026
03/10/2014,10:40:10.201,36.77,36.79,7556,6026
03/10/2014,10:40:10.201,36.77,36.78,7556,2965
03/10/2014,10:40:10.663,36.75,36.78,9997,2965
03/10/2014,10:40:10.663,36.75,36.77,9997,57
03/10/2014,10:40:11.208,36.75,36.77,9997,762
03/10/2014,10:40:12.173,36.75,36.77,5479,762
03/10/2014,10:40:12.173,36.75,36.77,5479,3764
03/10/2014,10:40:12.724,36.75,36.77,5479,5360
03/10/2014,10:40:13.745,36.75,36.77,12479,5360
03/10/2014,10:40:13.745,36.75,36.77,12479,4710
03/10/2014,10:40:14.691,36.75,36.77,5188,4710
03/10/2014,10:40:14.691,36.75,36.76,5188,7413
03/10/2014,10:40:15.195,36.75,36.76,6756,7413
03/10/2014,10:40:15.195,36.75,36.76,6756,9146
03/10/2014,10:40:21.761,36.75,36.76,6756,10292
03/10/2014,10:40:23.226,36.75,36.76,2125,10292
03/10/2014,10:40:23.226,36.75,36.76,2125,5661
03/10/2014,10:40:23.757,36.75,36.76,7266,5661
03/10/2014,10:40:24.231,36.75,36.76,4294,5661
03/10/2014,10:40:24.231,36.75,36.76,4294,6387
03/10/2014,10:40:24.726,36.75,36.76,4426,6387
03/10/2014,10:40:24.726,36.75,36.76,4426,6749
03/10/2014,10:40:25.277,36.75,36.76,4426,6672
03/10/2014,10:40:28.314,36.75,36.76,11944,6672
03/10/2014,10:40:28.314,36.75,36.77,11944,3513
03/10/2014,10:40:28.733,36.75,36.77,11944,3727
03/10/2014,10:40:29.242,36.75,36.77,11944,5042
03/10/2014,10:40:29.776,36.75,36.77,4944,5042
03/10/2014,10:40:30.249,36.75,36.77,4294,5042
03/10/2014,10:40:33.305,36.75,36.77,4294,5053
03/10/2014,10:40:33.793,36.75,36.77,4294,6187
03/10/2014,10:40:34.313,36.75,36.77,4294,6963
03/10/2014,10:40:43.823,36.75,36.76,4294,5293
03/10/2014,10:40:44.300,36.75,36.76,4294,7275
03/10/2014,10:40:47.833,36.74,36.76,310,7275
03/10/2014,10:40:47.833,36.74,36.76,310,7928
03/10/2014,10:40:48.356,36.73,36.76,6770,7928
03/10/2014,10:40:48.356,36.73,36.76,6770,8109
03/10/2014,10:40:49.382,36.73,36.76,4364,8109
03/10/2014,10:40:49.382,36.73,36.75,4364,3888
03/10/2014,10:40:49.867,36.73,36.75,11364,3888
03/10/2014,10:40:49.867,36.73,36.75,11364,5828
03/10/2014,10:40:52.884,36.73,36.75,11364,6844
03/10/2014,10:40:53.381,36.74,36.75,43,6844
03/10/2014,10:40:54.849,36.74,36.75,823,6844
03/10/2014,10:40:56.416,36.74,36.75,823,6635
03/10/2014,10:40:57.404,36.74,36.75,821,6635
