03/10/2014,05:43:47.678,64.9,0.0,800,0
03/10/2014,05:43:47.678,64.9,65.0,800,100
03/10/2014,07:00:01.846,64.9,61.7,800,2782
03/10/2014,07:00:36.528,64.95,61.7,22,2782
03/10/2014,07:00:50.088,66.0,61.7,100,2782
03/10/2014,08:10:10.026,66.0,61.7,350,2782
03/10/2014,08:31:48.019,66.0,61.0,350,303
03/10/2014,09:00:00.638,67.98,61.0,23,303
03/10/2014,09:00:04.640,68.04,61.0,23,303
03/10/2014,09:05:47.457,66.0,61.0,350,303
03/10/2014,09:10:39.522,66.0,61.0,350,503
03/10/2014,09:15:26.602,67.0,61.0,74,503
03/10/2014,09:28:39.232,68.04,61.0,3,503
03/10/2014,09:30:49.153,68.04,61.0,3,803
03/10/2014,09:32:45.683,68.04,61.0,3,2803
03/10/2014,09:37:26.753,70.13,61.0,144,2803
03/10/2014,09:41:21.145,70.13,59.75,144,699
03/10/2014,09:52:06.574,70.13,59.53,144,1768
03/10/2014,09:53:09.876,70.13,59.0,144,200
03/10/2014,10:00:42.582,70.13,59.0,144,1200
03/10/2014,10:01:31.760,70.13,59.0,144,1500
03/10/2014,10:03:24.203,70.13,59.0,144,500
03/10/2014,10:06:39.474,62.62,59.0,50,500
03/10/2014,10:06:39.474,62.62,62.65,50,11758
03/10/2014,10:06:40.506,62.62,62.65,141,11758
03/10/2014,10:06:40.506,62.62,62.65,141,11817
03/10/2014,10:06:40.990,62.6,62.65,40,11817
03/10/2014,10:06:40.990,62.6,62.65,40,11617
03/10/2014,10:06:41.506,62.55,62.65,5078,11617
03/10/2014,10:06:41.506,62.55,62.6,5078,242
03/10/2014,10:06:42.005,62.55,62.6,4473,242
03/10/2014,10:06:42.005,62.55,62.6,4473,60
03/10/2014,10:06:42.569,62.55,62.6,1854,60
03/10/2014,10:06:42.569,62.55,62.6,1854,148
03/10/2014,10:06:43.006,62.61,62.6,9913,148
03/10/2014,10:06:43.006,62.61,62.64,9913,1944
03/10/2014,10:06:43.590,62.61,62.64,10065,1944
03/10/2014,10:06:44.050,62.61,62.64,10054,1944
03/10/2014,10:06:44.050,62.61,62.64,10054,1968
03/10/2014,10:06:45.068,62.61,62.64,10054,2381
03/10/2014,10:06:45.534,62.61,62.64,10054,2467
03/10/2014,10:06:48.052,62.61,62.64,266,2467
03/10/2014,10:06:49.054,62.61,62.64,266,7456
03/10/2014,10:06:49.555,62.61,62.64,266,7538
03/10/2014,10:06:51.034,62.61,62.64,266,7488
03/10/2014,10:06:51.610,62.61,62.64,266,82
03/10/2014,10:06:54.576,62.61,62.64,111,82
03/10/2014,10:06:54.576,62.61,62.63,111,19
03/10/2014,10:06:55.560,62.6,62.63,111,19
03/10/2014,10:06:55.560,62.6,62.63,111,21
03/10/2014,10:06:59.634,62.56,62.63,632,21
03/10/2014,10:06:59.634,62.56,62.6,632,2389
03/10/2014,10:07:00.111,62.56,62.6,279,2389
03/10/2014,10:07:00.584,62.56,62.6,545,2389
03/10/2014,10:07:00.584,62.56,62.6,545,2391
03/10/2014,10:07:01.075,62.56,62.6,545,2408
03/10/2014,10:07:04.569,62.63,62.6,7128,2408
03/10/2014,10:07:04.569,62.63,62.66,7128,5864
03/10/2014,10:07:05.110,62.64,62.66,92,5864
03/10/2014,10:07:05.110,62.64,62.65,92,35
03/10/2014,10:07:05.672,62.63,62.65,6755,35
03/10/2014,10:07:06.125,62.64,62.65,99,35
03/10/2014,10:07:06.125,62.64,62.66,99,5864
03/10/2014,10:07:07.086,62.63,62.66,6755,5864
03/10/2014,10:07:07.086,62.63,62.66,6755,5872
03/10/2014,10:07:07.587,62.64,62.66,102,5872
03/10/2014,10:07:08.600,62.64,62.65,102,1000
03/10/2014,10:07:09.188,62.63,62.65,6555,1000
03/10/2014,10:07:10.190,62.64,62.65,23,1000
03/10/2014,10:07:10.652,62.64,62.65,24,1000
03/10/2014,10:07:12.124,62.63,62.65,1579,1000
03/10/2014,10:07:12.124,62.63,62.65,1579,1008
03/10/2014,10:07:12.687,62.63,62.64,1579,24
03/10/2014,10:07:13.138,62.63,62.64,1579,42
03/10/2014,10:07:14.200,62.56,62.64,511,42
03/10/2014,10:07:14.200,62.56,62.65,511,850
03/10/2014,10:07:15.215,62.56,62.65,777,850
03/10/2014,10:07:16.690,62.56,62.66,777,5844
03/10/2014,10:07:18.736,62.56,62.61,777,102
03/10/2014,10:07:20.204,62.56,62.6,777,3000
03/10/2014,10:07:20.676,62.59,62.6,1600,3000
03/10/2014,10:07:21.232,62.56,62.6,579,3000
03/10/2014,10:07:21.232,62.56,62.6,579,2900
03/10/2014,10:07:22.233,62.56,62.6,209,2900
03/10/2014,10:07:22.233,62.56,62.6,209,2905
03/10/2014,10:07:22.718,62.56,62.6,145,2905
03/10/2014,10:07:23.215,62.56,62.6,168,2905
03/10/2014,10:07:23.680,62.56,62.6,168,2405
03/10/2014,10:07:24.175,62.56,62.58,168,102
03/10/2014,10:07:24.718,62.56,62.58,168,121
03/10/2014,10:07:26.190,62.52,62.58,474,121
03/10/2014,10:07:26.190,62.52,62.58,474,457
03/10/2014,10:07:26.754,62.53,62.58,109,457
03/10/2014,10:07:26.754,62.53,62.57,109,60
03/10/2014,10:07:27.764,62.53,62.57,128,60
03/10/2014,10:07:30.768,62.53,62.57,128,66
03/10/2014,10:07:31.218,62.53,62.55,128,3006
03/10/2014,10:07:31.690,62.57,62.55,806,3006
03/10/2014,10:07:31.690,62.57,62.6,806,1510
03/10/2014,10:07:32.233,62.57,62.6,787,1510
03/10/2014,10:07:32.233,62.57,62.59,787,120
03/10/2014,10:07:33.247,62.57,62.59,787,140
03/10/2014,10:07:33.806,62.57,62.59,381,140
03/10/2014,10:07:35.712,62.57,62.59,474,140
03/10/2014,10:07:36.275,62.55,62.59,109,140
03/10/2014,10:07:36.275,62.55,62.57,109,2526
03/10/2014,10:07:36.785,62.53,62.57,171,2526
03/10/2014,10:07:36.785,62.53,62.57,171,2546
03/10/2014,10:07:37.228,62.53,62.57,171,2547
03/10/2014,10:07:37.790,62.53,62.55,171,120
03/10/2014,10:07:38.241,62.53,62.55,171,142
03/10/2014,10:07:39.255,62.53,62.55,40,142
03/10/2014,10:07:39.255,62.53,62.55,40,642
03/10/2014,10:07:39.706,62.53,62.55,40,392
03/10/2014,10:07:40.270,62.52,62.55,527,392
03/10/2014,10:07:40.270,62.52,62.54,527,166
03/10/2014,10:07:41.755,62.52,62.54,322,166
03/10/2014,10:07:42.225,62.53,62.54,923,166
03/10/2014,10:07:42.318,62.53,62.55,923,392
03/10/2014,10:07:42.763,62.53,62.54,923,676
03/10/2014,10:07:45.772,62.52,62.54,322,676
03/10/2014,10:07:45.772,62.52,62.53,322,77
03/10/2014,10:07:46.335,62.52,62.53,579,77
03/10/2014,10:07:46.335,62.52,62.55,579,392
03/10/2014,10:07:46.832,62.55,62.55,4167,392
03/10/2014,10:07:46.832,62.55,62.56,4167,98
03/10/2014,10:07:47.298,62.52,62.56,689,98
03/10/2014,10:07:47.298,62.52,62.55,689,286
03/10/2014,10:07:48.274,62.53,62.55,450,286
03/10/2014,10:07:48.789,62.51,62.55,1650,286
03/10/2014,10:07:49.289,62.54,62.55,40,286
03/10/2014,10:07:49.289,62.54,62.56,40,98
03/10/2014,10:07:51.799,62.5,62.56,4761,98
03/10/2014,10:07:52.275,62.51,62.56,567,98
03/10/2014,10:07:52.275,62.51,62.56,567,117
03/10/2014,10:07:53.289,62.51,62.56,638,117
03/10/2014,10:07:54.307,62.51,62.56,638,144
03/10/2014,10:07:55.366,62.51,62.56,638,158
03/10/2014,10:07:55.871,62.51,62.56,638,41
03/10/2014,10:07:58.287,62.51,62.55,638,500
03/10/2014,10:07:58.799,62.51,62.55,638,546
03/10/2014,10:07:59.894,62.51,62.55,638,418
03/10/2014,10:08:00.828,62.51,62.55,638,118
03/10/2014,10:08:01.390,62.51,62.55,648,118
03/10/2014,10:08:03.350,62.52,62.55,149,118
03/10/2014,10:08:04.338,62.52,62.55,940,118
03/10/2014,10:08:05.326,62.52,62.57,940,2526
03/10/2014,10:08:05.829,62.53,62.57,149,2526
03/10/2014,10:08:05.829,62.53,62.55,149,14
03/10/2014,10:08:06.843,62.52,62.55,380,14
03/10/2014,10:08:07.846,62.52,62.55,399,14
03/10/2014,10:08:08.938,62.53,62.55,223,14
03/10/2014,10:08:09.330,62.53,62.55,243,14
03/10/2014,10:08:09.829,62.53,62.55,243,30
03/10/2014,10:08:11.351,62.54,62.55,223,30
03/10/2014,10:08:11.915,62.53,62.55,283,30
03/10/2014,10:08:11.915,62.53,62.54,283,250
03/10/2014,10:08:12.369,62.52,62.54,1000,250
03/10/2014,10:08:12.369,62.52,62.53,1000,717
03/10/2014,10:08:12.866,62.52,62.53,1316,717
03/10/2014,10:08:12.866,62.52,62.53,1316,469
03/10/2014,10:08:13.429,62.51,62.53,15158,469
03/10/2014,10:08:13.429,62.51,62.57,15158,1012
03/10/2014,10:08:13.880,62.52,62.57,164,1012
03/10/2014,10:08:14.443,62.54,62.57,164,1012
03/10/2014,10:08:14.872,62.54,62.57,263,1012
03/10/2014,10:08:14.872,62.54,62.57,263,585
03/10/2014,10:08:15.864,62.54,62.55,263,5000
03/10/2014,10:08:16.857,62.55,62.55,263,5000
03/10/2014,10:08:16.857,62.55,62.57,263,585
03/10/2014,10:08:18.442,62.57,62.57,664,585
03/10/2014,10:08:18.442,62.57,62.58,664,59
03/10/2014,10:08:18.893,62.57,62.58,660,59
03/10/2014,10:08:19.456,62.59,62.58,148,59
03/10/2014,10:08:19.456,62.59,62.6,148,1857
03/10/2014,10:08:19.907,62.59,62.6,146,1857
03/10/2014,10:08:19.907,62.59,62.6,146,1591
03/10/2014,10:08:20.391,62.57,62.6,1376,1591
03/10/2014,10:08:20.391,62.57,62.6,1376,803
03/10/2014,10:08:20.959,62.57,62.59,1376,1000
03/10/2014,10:08:21.411,62.57,62.59,1788,1000
03/10/2014,10:08:21.411,62.57,62.59,1788,261
03/10/2014,10:08:22.425,62.57,62.59,1788,161
03/10/2014,10:08:22.984,62.57,62.59,788,161
03/10/2014,10:08:23.895,62.57,62.58,788,500
03/10/2014,10:08:24.461,62.56,62.58,296,500
03/10/2014,10:08:24.911,62.56,62.58,296,1501
03/10/2014,10:08:25.475,62.58,62.58,54,1501
03/10/2014,10:08:25.475,62.58,62.6,54,803
03/10/2014,10:08:26.427,62.58,62.6,54,817
03/10/2014,10:08:27.470,62.58,62.6,327,817
03/10/2014,10:08:27.470,62.58,62.6,327,100
03/10/2014,10:08:28.484,62.57,62.6,512,100
03/10/2014,10:08:28.484,62.57,62.58,512,919
03/10/2014,10:08:28.931,62.55,62.58,420,919
03/10/2014,10:08:28.931,62.55,62.58,420,1419
03/10/2014,10:08:29.497,62.55,62.58,326,1419
03/10/2014,10:08:29.948,62.55,62.58,26,1419
03/10/2014,10:08:30.944,62.54,62.58,542,1419
03/10/2014,10:08:30.944,62.54,62.58,542,1919
03/10/2014,10:08:31.513,62.54,62.58,442,1919
03/10/2014,10:08:31.978,62.54,62.58,442,1319
03/10/2014,10:08:32.465,62.54,62.58,251,1319
03/10/2014,10:08:32.465,62.54,62.58,251,1330
03/10/2014,10:08:32.947,62.54,62.58,251,1333
03/10/2014,10:08:33.517,62.54,62.58,251,778
03/10/2014,10:08:34.535,62.55,62.58,311,778
03/10/2014,10:08:34.535,62.55,62.58,311,478
03/10/2014,10:08:34.985,62.55,62.58,11,478
03/10/2014,10:08:35.529,62.56,62.58,200,478
03/10/2014,10:08:35.529,62.56,62.6,200,11
03/10/2014,10:08:36.000,62.56,62.6,266,11
03/10/2014,10:08:36.450,62.56,62.6,131,11
03/10/2014,10:08:36.450,62.56,62.6,131,211
03/10/2014,10:08:37.014,62.55,62.6,1,211
03/10/2014,10:08:37.461,62.54,62.6,447,211
03/10/2014,10:08:37.956,62.54,62.6,436,211
03/10/2014,10:08:37.956,62.54,62.6,436,200
03/10/2014,10:08:39.010,62.54,62.6,436,201
03/10/2014,10:08:39.464,62.54,62.6,436,215
03/10/2014,10:08:40.028,62.54,62.6,1455,215
03/10/2014,10:08:40.462,62.55,62.6,161,215
03/10/2014,10:08:40.462,62.55,62.61,161,200
03/10/2014,10:08:41.029,62.55,62.61,20,200
03/10/2014,10:08:41.029,62.55,62.59,20,200
03/10/2014,10:08:41.481,62.54,62.59,2370,200
03/10/2014,10:08:42.043,62.55,62.59,361,200
03/10/2014,10:08:42.461,62.55,62.59,61,200
03/10/2014,10:08:42.461,62.55,62.59,61,230
03/10/2014,10:08:43.027,62.58,62.59,1883,230
03/10/2014,10:08:43.027,62.58,62.59,1883,30
03/10/2014,10:08:43.487,62.58,62.59,806,30
03/10/2014,10:08:43.487,62.58,62.62,806,269
03/10/2014,10:08:44.076,62.55,62.62,581,269
03/10/2014,10:08:44.076,62.55,62.57,581,80
03/10/2014,10:08:44.559,62.55,62.58,581,1794
03/10/2014,10:08:45.024,62.55,62.58,481,1794
03/10/2014,10:08:45.517,62.55,62.58,681,1794
03/10/2014,10:08:45.517,62.55,62.59,681,299
03/10/2014,10:08:46.039,62.56,62.59,200,299
03/10/2014,10:08:46.485,62.57,62.59,200,299
03/10/2014,10:08:46.485,62.57,62.62,200,69
03/10/2014,10:08:47.054,62.57,62.62,49,69
03/10/2014,10:08:48.067,62.57,62.63,49,2500
03/10/2014,10:08:49.533,62.57,62.63,200,2500
03/10/2014,10:08:50.582,62.57,62.63,200,2516
03/10/2014,10:08:52.034,62.57,62.63,388,2516
03/10/2014,10:08:53.093,62.58,62.63,1188,2516
03/10/2014,10:08:53.093,62.58,62.6,1188,12
03/10/2014,10:08:53.543,62.58,62.6,1188,42
03/10/2014,10:08:55.106,62.58,62.6,1188,2
03/10/2014,10:08:55.569,62.6,62.6,188,2
03/10/2014,10:08:55.569,62.6,62.63,188,2500
03/10/2014,10:08:56.020,62.6,62.63,188,2513
03/10/2014,10:08:56.584,62.58,62.63,1500,2513
03/10/2014,10:08:56.584,62.58,62.63,1500,2719
03/10/2014,10:08:57.051,62.58,62.62,1500,125
03/10/2014,10:08:57.577,62.58,62.62,1000,125
03/10/2014,10:08:57.577,62.58,62.62,1000,325
03/10/2014,10:08:58.621,62.58,62.62,1000,422
03/10/2014,10:08:59.551,62.56,62.62,200,422
03/10/2014,10:09:00.114,62.55,62.62,501,422
03/10/2014,10:09:00.114,62.55,62.58,501,260
03/10/2014,10:09:01.130,62.58,62.58,229,260
03/10/2014,10:09:01.130,62.58,62.59,229,14
03/10/2014,10:09:01.564,62.58,62.59,1472,14
03/10/2014,10:09:01.564,62.58,62.61,1472,69
03/10/2014,10:09:02.127,62.58,62.61,1456,69
03/10/2014,10:09:02.127,62.58,62.61,1456,71
03/10/2014,10:09:03.142,62.58,62.62,1456,131
03/10/2014,10:09:03.592,62.58,62.62,3056,131
03/10/2014,10:09:04.152,62.58,62.62,2056,131
03/10/2014,10:09:04.557,62.58,62.62,1918,131
03/10/2014,10:09:06.579,62.58,62.63,1918,3316
03/10/2014,10:09:07.069,62.58,62.6,1918,5000
03/10/2014,10:09:07.587,62.62,62.6,5000,5000
03/10/2014,10:09:07.587,62.62,62.63,5000,3316
03/10/2014,10:09:08.075,62.62,62.63,5465,3316
03/10/2014,10:09:08.591,62.58,62.63,1918,3316
03/10/2014,10:09:09.133,62.58,62.61,1918,8
03/10/2014,10:09:10.148,62.58,62.61,419,8
03/10/2014,10:09:10.148,62.58,62.61,419,855
03/10/2014,10:09:10.599,62.55,62.61,1501,855
03/10/2014,10:09:10.599,62.55,62.63,1501,2914
03/10/2014,10:09:11.111,62.56,62.63,1000,2914
03/10/2014,10:09:12.125,62.56,62.63,1000,526
03/10/2014,10:09:12.688,62.58,62.63,157,526
03/10/2014,10:09:13.100,62.58,62.63,157,527
03/10/2014,10:09:14.188,62.56,62.63,1000,527
03/10/2014,10:09:14.188,62.56,62.63,1000,543
03/10/2014,10:09:14.639,62.56,62.63,1000,17
03/10/2014,10:09:15.613,62.56,62.64,1000,3084
03/10/2014,10:09:16.118,62.57,62.64,465,3084
03/10/2014,10:09:16.118,62.57,62.63,465,898
03/10/2014,10:09:17.697,62.57,62.63,465,1898
03/10/2014,10:09:18.147,62.57,62.63,465,1000
03/10/2014,10:09:19.194,62.58,62.63,484,1000
03/10/2014,10:09:20.177,62.58,62.63,484,1001
03/10/2014,10:09:23.186,62.58,62.63,484,201
03/10/2014,10:09:23.635,62.58,62.63,853,201
03/10/2014,10:09:24.208,62.58,62.63,653,201
03/10/2014,10:09:24.208,62.58,62.6,653,1789
03/10/2014,10:09:24.659,62.58,62.6,645,1789
03/10/2014,10:09:25.222,62.58,62.6,645,1790
03/10/2014,10:09:25.673,62.58,62.6,591,1790
03/10/2014,10:09:25.673,62.58,62.6,591,1235
03/10/2014,10:09:26.688,62.59,62.6,486,1235
03/10/2014,10:09:26.688,62.59,62.6,486,42
03/10/2014,10:09:27.251,62.58,62.6,1923,42
03/10/2014,10:09:27.702,62.58,62.6,1875,42
03/10/2014,10:09:27.702,62.58,62.59,1875,36
03/10/2014,10:09:28.211,62.59,62.59,478,36
03/10/2014,10:09:28.211,62.59,62.6,478,10
03/10/2014,10:09:29.163,62.58,62.6,1875,10
03/10/2014,10:09:29.171,62.58,62.59,1875,522
03/10/2014,10:09:30.186,62.58,62.59,1708,522
03/10/2014,10:09:31.199,62.58,62.6,1708,123
03/10/2014,10:09:31.704,62.58,62.6,2283,123
03/10/2014,10:09:31.704,62.58,62.61,2283,48
03/10/2014,10:09:32.222,62.58,62.61,2283,127
03/10/2014,10:09:33.705,62.59,62.61,465,127
03/10/2014,10:09:33.705,62.59,62.6,465,1000
03/10/2014,10:09:34.269,62.59,62.61,465,127
03/10/2014,10:09:34.734,62.6,62.61,465,127
03/10/2014,10:09:34.734,62.6,62.64,465,3591
03/10/2014,10:09:35.195,62.6,62.64,465,3702
03/10/2014,10:09:35.692,62.6,62.64,465,3325
03/10/2014,10:09:37.198,62.61,62.64,665,3325
03/10/2014,10:09:37.198,62.61,62.64,665,125
03/10/2014,10:09:38.719,62.61,62.65,665,1792
03/10/2014,10:09:39.715,62.61,62.65,834,1792
03/10/2014,10:09:40.721,62.61,62.65,834,1887
03/10/2014,10:09:42.730,62.61,62.65,834,1893
03/10/2014,10:09:46.809,62.61,62.65,67,1893
03/10/2014,10:09:46.809,62.61,62.63,67,6
03/10/2014,10:09:47.275,62.61,62.63,67,26
03/10/2014,10:09:48.265,62.61,62.63,532,26
03/10/2014,10:09:49.234,62.6,62.63,660,26
03/10/2014,10:09:49.234,62.6,62.61,660,235
03/10/2014,10:09:49.777,62.6,62.61,660,322
03/10/2014,10:09:50.258,62.6,62.61,2707,322
03/10/2014,10:09:50.258,62.6,62.61,2707,345
03/10/2014,10:09:51.324,62.6,62.63,2707,165
03/10/2014,10:09:51.774,62.6,62.63,2707,369
03/10/2014,10:09:52.238,62.6,62.63,2712,369
03/10/2014,10:09:53.365,62.6,62.63,2844,369
03/10/2014,10:09:55.774,62.6,62.62,2844,543
03/10/2014,10:09:56.329,62.6,62.62,3309,543
03/10/2014,10:09:57.288,62.6,62.62,3309,747
03/10/2014,10:09:59.855,62.6,62.62,3309,647
03/10/2014,10:10:01.274,62.6,62.62,3309,162
03/10/2014,10:10:01.799,62.6,62.62,3309,184
03/10/2014,10:10:03.789,62.6,62.62,3578,184
03/10/2014,10:10:03.789,62.6,62.63,3578,125
03/10/2014,10:10:04.291,62.6,62.63,3578,212
03/10/2014,10:10:04.855,62.6,62.63,3935,212
03/10/2014,10:10:04.855,62.6,62.63,3935,225
03/10/2014,10:10:07.334,62.61,62.63,1623,225
03/10/2014,10:10:08.806,62.61,62.63,1465,225
03/10/2014,10:10:08.851,62.61,62.63,1465,180
03/10/2014,10:10:09.415,62.61,62.63,1608,180
03/10/2014,10:10:10.429,62.61,62.62,1608,9
03/10/2014,10:10:10.880,62.61,62.62,1608,22
03/10/2014,10:10:11.909,62.61,62.62,1741,22
03/10/2014,10:10:11.909,62.61,62.62,1741,16
03/10/2014,10:10:12.360,62.61,62.62,1741,516
03/10/2014,10:10:12.851,62.61,62.62,1741,524
03/10/2014,10:10:14.943,62.61,62.62,2310,524
03/10/2014,10:10:14.943,62.61,62.62,2310,5
03/10/2014,10:10:15.342,62.61,62.62,241,5
03/10/2014,10:10:15.342,62.61,62.63,241,87
03/10/2014,10:10:15.880,62.61,62.63,260,87
03/10/2014,10:10:16.422,62.61,62.63,260,90
03/10/2014,10:10:16.873,62.61,62.63,82,90
03/10/2014,10:10:17.864,62.6,62.63,3655,90
03/10/2014,10:10:17.864,62.6,62.61,3655,256
03/10/2014,10:10:19.853,62.6,62.61,3655,87
03/10/2014,10:10:20.478,62.61,62.61,5687,87
03/10/2014,10:10:20.478,62.61,62.64,5687,335
03/10/2014,10:10:20.873,62.61,62.64,5873,335
03/10/2014,10:10:20.929,62.61,62.63,5873,463
03/10/2014,10:10:21.380,62.61,62.63,5873,465
03/10/2014,10:10:21.871,62.61,62.63,6139,465
03/10/2014,10:10:22.884,62.61,62.63,5631,465
03/10/2014,10:10:22.884,62.61,62.63,5631,346
03/10/2014,10:10:23.422,62.61,62.63,5092,346
03/10/2014,10:10:24.895,62.61,62.63,5138,346
03/10/2014,10:10:24.895,62.61,62.63,5138,2236
03/10/2014,10:10:25.481,62.61,62.63,5080,2236
03/10/2014,10:10:25.932,62.61,62.63,4814,2236
03/10/2014,10:10:26.495,62.6,62.63,3842,2236
03/10/2014,10:10:26.495,62.6,62.63,3842,2677
03/10/2014,10:10:26.946,62.61,62.63,69,2677
03/10/2014,10:10:26.946,62.61,62.63,69,2608
03/10/2014,10:10:27.909,62.6,62.63,3858,2608
03/10/2014,10:10:27.909,62.6,62.63,3858,2733
03/10/2014,10:10:28.975,62.6,62.63,3858,2734
03/10/2014,10:10:29.425,62.6,62.63,3858,2748
03/10/2014,10:10:33.482,62.61,62.63,1152,2748
03/10/2014,10:10:33.482,62.61,62.63,1152,2548
03/10/2014,10:10:33.933,62.61,62.63,1244,2548
03/10/2014,10:10:36.427,62.61,62.63,1546,2548
03/10/2014,10:10:36.976,62.61,62.63,1420,2548
03/10/2014,10:10:38.440,62.61,62.63,2670,2548
03/10/2014,10:10:38.440,62.61,62.63,2670,2562
03/10/2014,10:10:38.985,62.61,62.63,3578,2562
03/10/2014,10:10:44.029,62.61,62.63,3193,2562
03/10/2014,10:10:44.029,62.61,62.63,3193,2429
03/10/2014,10:10:44.458,62.61,62.63,2887,2429
03/10/2014,10:10:44.458,62.61,62.63,2887,2284
03/10/2014,10:10:45.043,62.61,62.63,2769,2284
03/10/2014,10:10:45.043,62.61,62.63,2769,2134
03/10/2014,10:10:45.494,62.61,62.63,2769,92
03/10/2014,10:10:46.057,62.61,62.63,403,92
03/10/2014,10:10:46.057,62.61,62.63,403,158
03/10/2014,10:10:46.507,62.61,62.64,403,328
03/10/2014,10:10:47.561,62.62,62.64,69,328
03/10/2014,10:10:47.561,62.62,62.64,69,371
03/10/2014,10:10:48.568,62.61,62.64,403,371
03/10/2014,10:10:48.568,62.61,62.63,403,1600
03/10/2014,10:10:49.019,62.61,62.63,332,1600
03/10/2014,10:10:49.019,62.61,62.63,332,1615
03/10/2014,10:10:49.582,62.61,62.63,317,1615
03/10/2014,10:10:49.582,62.61,62.62,317,92
03/10/2014,10:10:50.003,62.6,62.62,3706,92
03/10/2014,10:10:50.003,62.6,62.61,3706,192
03/10/2014,10:10:50.595,62.6,62.61,3706,274
03/10/2014,10:10:51.051,62.6,62.61,2871,274
03/10/2014,10:10:51.051,62.6,62.62,2871,984
03/10/2014,10:10:51.511,62.6,62.62,325,984
03/10/2014,10:10:51.511,62.6,62.62,325,1290
03/10/2014,10:10:52.019,62.59,62.62,1513,1290
03/10/2014,10:10:52.019,62.59,62.62,1513,994
03/10/2014,10:10:53.532,62.59,62.6,1513,2202
03/10/2014,10:10:54.096,62.59,62.6,1513,2226
03/10/2014,10:10:54.546,62.59,62.6,1646,2226
03/10/2014,10:10:54.546,62.59,62.6,1646,1656
03/10/2014,10:10:55.598,62.59,62.6,1665,1656
03/10/2014,10:10:56.612,62.58,62.6,4190,1656
03/10/2014,10:10:56.612,62.58,62.6,4190,1930
03/10/2014,10:10:57.018,62.58,62.59,4190,310
03/10/2014,10:10:57.521,62.58,62.59,4644,310
03/10/2014,10:10:57.521,62.58,62.59,4644,339
03/10/2014,10:10:59.063,62.58,62.59,4644,29
03/10/2014,10:11:00.533,62.58,62.59,4344,29
03/10/2014,10:11:00.571,62.58,62.6,4344,1904
03/10/2014,10:11:01.554,62.58,62.59,4344,249
03/10/2014,10:11:02.599,62.58,62.59,3844,249
03/10/2014,10:11:02.599,62.58,62.59,3844,265
03/10/2014,10:11:03.044,62.57,62.59,252,265
03/10/2014,10:11:03.044,62.57,62.59,252,334
03/10/2014,10:11:03.614,62.58,62.59,229,334
03/10/2014,10:11:03.614,62.58,62.6,229,1417
03/10/2014,10:11:04.064,62.58,62.59,229,210
03/10/2014,10:11:05.643,62.58,62.59,160,210
03/10/2014,10:11:06.094,62.58,62.6,160,1417
03/10/2014,10:11:06.590,62.58,62.6,160,979
03/10/2014,10:11:08.154,62.58,62.6,160,729
03/10/2014,10:11:08.605,62.59,62.6,92,729
03/10/2014,10:11:08.605,62.59,62.6,92,69
03/10/2014,10:11:09.168,62.6,62.6,194,69
03/10/2014,10:11:09.168,62.6,62.61,194,71
03/10/2014,10:11:09.621,62.6,62.61,125,71
03/10/2014,10:11:10.070,62.6,62.61,194,71
03/10/2014,10:11:10.070,62.6,62.62,194,646
03/10/2014,10:11:11.084,62.58,62.62,289,646
03/10/2014,10:11:11.084,62.58,62.62,289,846
03/10/2014,10:11:11.648,62.58,62.62,289,904
03/10/2014,10:11:13.107,62.58,62.6,289,125
03/10/2014,10:11:13.677,62.59,62.6,188,125
03/10/2014,10:11:13.677,62.59,62.6,188,131
03/10/2014,10:11:14.615,62.59,62.6,211,131
03/10/2014,10:11:15.118,62.59,62.6,142,131
03/10/2014,10:11:15.118,62.59,62.6,142,775
03/10/2014,10:11:16.155,62.59,62.6,142,644
03/10/2014,10:11:16.719,62.58,62.6,228,644
03/10/2014,10:11:17.170,62.58,62.6,228,722
03/10/2014,10:11:18.184,62.58,62.6,228,937
03/10/2014,10:11:18.634,62.61,62.6,714,937
03/10/2014,10:11:18.634,62.61,62.62,714,646
03/10/2014,10:11:19.124,62.58,62.62,428,646
03/10/2014,10:11:19.124,62.58,62.61,428,99
03/10/2014,10:11:19.669,62.58,62.62,428,591
03/10/2014,10:11:20.115,62.58,62.62,724,591
03/10/2014,10:11:20.115,62.58,62.62,724,593
03/10/2014,10:11:20.638,62.58,62.62,724,601
03/10/2014,10:11:21.184,62.58,62.62,724,726
03/10/2014,10:11:21.632,62.58,62.62,724,1037
03/10/2014,10:11:23.212,62.58,62.62,589,1037
03/10/2014,10:11:23.212,62.58,62.62,589,1120
03/10/2014,10:11:23.663,62.6,62.62,53,1120
03/10/2014,10:11:23.663,62.6,62.62,53,243
03/10/2014,10:11:24.677,62.6,62.62,9,243
03/10/2014,10:11:24.677,62.6,62.62,9,36
03/10/2014,10:11:26.247,62.6,62.62,211,36
03/10/2014,10:11:26.706,62.61,62.62,30,36
03/10/2014,10:11:27.157,62.6,62.62,211,36
03/10/2014,10:11:29.228,62.6,62.62,211,354
03/10/2014,10:11:35.264,62.6,62.62,211,1354
03/10/2014,10:11:37.288,62.6,62.62,211,1368
03/10/2014,10:11:38.782,62.59,62.62,147,1368
03/10/2014,10:11:38.782,62.59,62.6,147,731
03/10/2014,10:11:39.202,62.59,62.6,145,731
03/10/2014,10:11:39.202,62.59,62.6,145,1058
03/10/2014,10:11:39.709,62.59,62.6,145,1062
03/10/2014,10:11:43.823,62.61,62.6,70,1062
03/10/2014,10:11:43.823,62.61,62.62,70,599
03/10/2014,10:11:44.273,62.61,62.62,186,599
03/10/2014,10:11:44.763,62.61,62.62,135,599
03/10/2014,10:11:44.763,62.61,62.62,135,601
03/10/2014,10:11:45.219,62.6,62.62,1116,601
03/10/2014,10:11:45.787,62.6,62.62,616,601
03/10/2014,10:11:46.765,62.6,62.62,199,601
03/10/2014,10:11:46.765,62.6,62.62,199,301
03/10/2014,10:11:47.328,62.6,62.62,25,301
03/10/2014,10:11:47.328,62.6,62.62,25,265
03/10/2014,10:11:50.761,62.58,62.62,1661,265
03/10/2014,10:11:50.761,62.58,62.6,1661,2073
03/10/2014,10:11:51.331,62.58,62.6,1471,2073
03/10/2014,10:11:51.331,62.58,62.6,1471,1914
03/10/2014,10:11:52.324,62.59,62.6,497,1914
03/10/2014,10:11:52.324,62.59,62.62,497,368
03/10/2014,10:11:52.795,62.59,62.62,497,383
03/10/2014,10:11:53.353,62.58,62.62,1397,383
03/10/2014,10:11:53.353,62.58,62.62,1397,395
03/10/2014,10:11:53.809,62.58,62.62,1414,395
03/10/2014,10:11:54.859,62.58,62.62,1414,1104
03/10/2014,10:11:55.318,62.58,62.61,1414,691
03/10/2014,10:11:55.768,62.59,62.61,2547,691
03/10/2014,10:11:55.768,62.59,62.61,2547,778
03/10/2014,10:11:56.353,62.59,62.61,3900,778
03/10/2014,10:11:57.840,62.6,62.61,500,778
03/10/2014,10:11:57.840,62.6,62.61,500,709
03/10/2014,10:11:58.354,62.6,62.61,864,709
03/10/2014,10:11:59.377,62.6,62.61,864,855
03/10/2014,10:11:59.847,62.6,62.61,740,855
03/10/2014,10:11:59.847,62.6,62.61,740,934
03/10/2014,10:12:01.337,62.59,62.61,4537,934
03/10/2014,10:12:01.337,62.59,62.61,4537,1084
03/10/2014,10:12:01.872,62.6,62.61,23,1084
03/10/2014,10:12:02.890,62.59,62.61,4537,1084
03/10/2014,10:12:06.383,62.59,62.61,4537,1033
03/10/2014,10:12:07.898,62.59,62.61,4314,1033
03/10/2014,10:12:07.898,62.59,62.61,4314,1830
03/10/2014,10:12:08.915,62.59,62.61,4314,1886
03/10/2014,10:12:09.377,62.59,62.6,4314,1540
03/10/2014,10:12:10.372,62.59,62.6,3991,1540
03/10/2014,10:12:10.372,62.59,62.6,3991,701
03/10/2014,10:12:10.845,62.58,62.6,290,701
03/10/2014,10:12:10.845,62.58,62.6,290,645
03/10/2014,10:12:11.388,62.57,62.6,198,645
03/10/2014,10:12:11.388,62.57,62.6,198,745
03/10/2014,10:12:13.870,62.57,62.6,198,759
03/10/2014,10:12:14.911,62.57,62.59,198,683
03/10/2014,10:12:15.380,62.57,62.6,198,180
03/10/2014,10:12:15.864,62.59,62.6,91,180
03/10/2014,10:12:15.864,62.59,62.6,91,97
03/10/2014,10:12:16.423,62.58,62.6,1581,97
03/10/2014,10:12:16.423,62.58,62.6,1581,126
03/10/2014,10:12:17.446,62.6,62.6,319,126
03/10/2014,10:12:17.446,62.6,62.61,319,898
03/10/2014,10:12:17.897,62.58,62.61,1224,898
03/10/2014,10:12:17.897,62.58,62.6,1224,100
03/10/2014,10:12:18.460,62.58,62.6,1149,100
03/10/2014,10:12:18.460,62.58,62.6,1149,193
03/10/2014,10:12:18.933,62.57,62.6,299,193
03/10/2014,10:12:18.933,62.57,62.59,299,159
03/10/2014,10:12:19.497,62.58,62.59,172,159
03/10/2014,10:12:19.497,62.58,62.6,172,808
03/10/2014,10:12:19.948,62.58,62.6,172,832
03/10/2014,10:12:20.399,62.58,62.6,484,832
03/10/2014,10:12:20.399,62.58,62.6,484,763
03/10/2014,10:12:21.903,62.58,62.6,750,763
03/10/2014,10:12:21.903,62.58,62.59,750,2106
03/10/2014,10:12:22.428,62.58,62.59,827,2106
03/10/2014,10:12:22.428,62.58,62.59,827,2146
03/10/2014,10:12:22.940,62.58,62.59,827,2293
03/10/2014,10:12:23.447,62.58,62.59,957,2293
03/10/2014,10:12:23.447,62.58,62.59,957,2043
03/10/2014,10:12:23.964,62.58,62.59,491,2043
03/10/2014,10:12:24.467,62.57,62.59,333,2043
03/10/2014,10:12:26.972,62.57,62.59,264,2043
03/10/2014,10:12:26.972,62.57,62.59,264,2840
03/10/2014,10:12:27.465,62.56,62.59,787,2840
03/10/2014,10:12:27.465,62.56,62.58,787,1526
03/10/2014,10:12:27.911,62.56,62.58,856,1526
03/10/2014,10:12:27.911,62.56,62.58,856,1649
03/10/2014,10:12:28.941,62.56,62.58,856,1673
03/10/2014,10:12:30.459,62.56,62.58,1005,1673
03/10/2014,10:12:30.459,62.56,62.58,1005,973
03/10/2014,10:12:31.434,62.56,62.58,1005,1098
03/10/2014,10:12:33.957,62.57,62.58,92,1098
03/10/2014,10:12:33.957,62.57,62.59,92,1251
03/10/2014,10:12:34.511,62.56,62.59,1188,1251
03/10/2014,10:12:34.511,62.56,62.59,1188,1053
03/10/2014,10:12:34.985,62.56,62.59,1188,1687
03/10/2014,10:12:35.456,62.56,62.59,1386,1687
03/10/2014,10:12:35.456,62.56,62.59,1386,1695
03/10/2014,10:12:36.506,62.56,62.59,1386,2142
03/10/2014,10:12:37.011,62.56,62.58,1386,1534
03/10/2014,10:12:38.027,62.58,62.58,413,1534
03/10/2014,10:12:38.027,62.58,62.59,413,569
03/10/2014,10:12:38.451,62.6,62.59,434,569
03/10/2014,10:12:38.451,62.6,62.61,434,246
03/10/2014,10:12:39.028,62.6,62.61,429,246
03/10/2014,10:12:39.028,62.6,62.61,429,63
03/10/2014,10:12:39.520,62.6,62.61,575,63
03/10/2014,10:12:39.973,62.6,62.61,575,66
03/10/2014,10:12:40.525,62.6,62.61,575,80
03/10/2014,10:12:42.011,62.6,62.61,875,80
03/10/2014,10:12:43.036,62.6,62.61,875,156
03/10/2014,10:12:45.508,62.6,62.61,1036,156
03/10/2014,10:12:45.508,62.6,62.61,1036,1181
03/10/2014,10:12:46.522,62.6,62.61,836,1181
03/10/2014,10:12:49.015,62.6,62.61,836,1687
03/10/2014,10:12:49.562,62.58,62.61,225,1687
03/10/2014,10:12:49.562,62.58,62.6,225,1350
03/10/2014,10:12:50.048,62.58,62.6,225,2251
03/10/2014,10:12:50.554,62.58,62.6,225,2254
03/10/2014,10:12:51.042,62.58,62.6,225,3080
03/10/2014,10:12:53.522,62.59,62.6,705,3080
03/10/2014,10:12:53.522,62.59,62.61,705,428
03/10/2014,10:12:54.086,62.61,62.61,299,428
03/10/2014,10:12:54.086,62.61,62.62,299,74
03/10/2014,10:12:54.535,62.61,62.62,17,74
03/10/2014,10:12:54.535,62.61,62.62,17,148
03/10/2014,10:12:55.022,62.6,62.62,296,148
03/10/2014,10:12:55.022,62.6,62.61,296,94
03/10/2014,10:12:55.586,62.6,62.61,296,95
03/10/2014,10:12:56.036,62.6,62.61,596,95
03/10/2014,10:12:56.036,62.6,62.62,596,217
03/10/2014,10:12:56.600,62.6,62.62,1222,217
03/10/2014,10:12:56.600,62.6,62.62,1222,149
03/10/2014,10:12:57.051,62.6,62.62,35,149
03/10/2014,10:12:57.051,62.6,62.62,35,297
03/10/2014,10:12:57.538,62.6,62.62,707,297
03/10/2014,10:12:59.611,62.6,62.62,707,931
03/10/2014,10:13:00.062,62.6,62.62,299,931
03/10/2014,10:13:00.062,62.6,62.62,299,1635
03/10/2014,10:13:00.592,62.59,62.62,560,1635
03/10/2014,10:13:00.592,62.59,62.6,560,1415
03/10/2014,10:13:01.076,62.59,62.6,650,1415
03/10/2014,10:13:01.076,62.59,62.6,650,1993
03/10/2014,10:13:02.040,62.59,62.6,650,2007
03/10/2014,10:13:08.119,62.59,62.6,523,2007
03/10/2014,10:13:08.119,62.59,62.6,523,1593
03/10/2014,10:13:09.611,62.59,62.6,714,1593
03/10/2014,10:13:10.627,62.59,62.6,849,1593
03/10/2014,10:13:10.627,62.59,62.6,849,1630
03/10/2014,10:13:13.106,62.59,62.6,849,1930
03/10/2014,10:13:14.130,62.59,62.6,941,1930
03/10/2014,10:13:14.600,62.59,62.6,941,1944
03/10/2014,10:13:15.167,62.59,62.6,941,1965
03/10/2014,10:13:19.116,62.59,62.6,941,1966
03/10/2014,10:13:22.199,62.59,62.6,941,2510
03/10/2014,10:13:23.197,62.59,62.6,813,2510
03/10/2014,10:13:24.187,62.59,62.6,950,2510
03/10/2014,10:13:25.703,62.59,62.6,881,2510
03/10/2014,10:13:25.703,62.59,62.6,881,2760
03/10/2014,10:13:27.145,62.59,62.6,881,2774
03/10/2014,10:13:27.708,62.59,62.6,1147,2774
03/10/2014,10:13:28.706,62.59,62.6,1216,2774
03/10/2014,10:13:29.173,62.59,62.6,1360,2774
03/10/2014,10:13:31.214,62.62,62.6,264,2774
03/10/2014,10:13:31.214,62.62,62.63,264,1825
03/10/2014,10:13:31.738,62.62,62.63,182,1825
03/10/2014,10:13:31.738,62.62,62.63,182,1941
03/10/2014,10:13:32.228,62.61,62.63,125,1941
03/10/2014,10:13:32.228,62.61,62.62,125,193
03/10/2014,10:13:33.225,62.6,62.62,1082,193
03/10/2014,10:13:33.225,62.6,62.62,1082,406
03/10/2014,10:13:33.694,62.6,62.62,1209,406
03/10/2014,10:13:36.249,62.6,62.62,1222,406
03/10/2014,10:13:36.737,62.6,62.62,1222,531
03/10/2014,10:13:37.198,62.6,62.62,1358,531
03/10/2014,10:13:37.208,62.6,62.63,1358,2604
03/10/2014,10:13:37.726,62.6,62.63,1358,2610
03/10/2014,10:13:39.213,62.6,62.63,1358,3101
03/10/2014,10:13:39.756,62.6,62.63,1624,3101
03/10/2014,10:13:40.257,62.6,62.63,1860,3101
03/10/2014,10:13:42.272,62.6,62.63,1860,2985
03/10/2014,10:13:43.751,62.6,62.63,1594,2985
03/10/2014,10:13:44.276,62.6,62.63,1594,2441
03/10/2014,10:13:44.879,62.66,62.63,728,2441
03/10/2014,10:13:44.879,62.66,62.67,728,18
03/10/2014,10:13:45.227,62.66,62.67,602,18
03/10/2014,10:13:45.227,62.66,62.67,602,40
03/10/2014,10:13:45.774,62.66,62.67,502,40
03/10/2014,10:13:46.359,62.64,62.67,118,40
03/10/2014,10:13:46.359,62.64,62.67,118,142
03/10/2014,10:13:46.742,62.64,62.67,118,845
03/10/2014,10:13:47.789,62.6,62.67,870,845
03/10/2014,10:13:47.789,62.6,62.64,870,884
03/10/2014,10:13:48.287,62.6,62.64,1145,884
03/10/2014,10:13:48.287,62.6,62.64,1145,1334
03/10/2014,10:13:48.784,62.6,62.63,1145,634
03/10/2014,10:13:49.280,62.6,62.63,1686,634
03/10/2014,10:13:49.755,62.6,62.63,1420,634
03/10/2014,10:13:50.303,62.6,62.63,1420,1170
03/10/2014,10:13:50.799,62.6,62.63,1420,1953
03/10/2014,10:13:51.296,62.6,62.63,1748,1953
03/10/2014,10:13:51.296,62.6,62.63,1748,781
03/10/2014,10:13:51.819,62.6,62.63,1748,796
03/10/2014,10:13:52.778,62.6,62.63,1948,796
03/10/2014,10:13:54.318,62.6,62.62,1948,1500
03/10/2014,10:13:54.808,62.6,62.62,1948,2314
03/10/2014,10:13:55.333,62.6,62.62,2151,2314
03/10/2014,10:13:55.333,62.6,62.62,2151,2315
03/10/2014,10:13:55.817,62.6,62.62,803,2315
03/10/2014,10:13:55.817,62.6,62.61,803,797
03/10/2014,10:13:56.288,62.6,62.61,1046,797
03/10/2014,10:13:56.830,62.6,62.61,1086,797
03/10/2014,10:13:56.830,62.6,62.61,1086,669
03/10/2014,10:13:57.315,62.6,62.61,1003,669
03/10/2014,10:13:57.803,62.6,62.61,1003,794
03/10/2014,10:14:00.362,62.6,62.61,1116,794
03/10/2014,10:14:00.844,62.6,62.61,313,794
03/10/2014,10:14:00.844,62.6,62.61,313,1358
03/10/2014,10:14:01.346,62.6,62.61,312,1358
03/10/2014,10:14:01.853,62.6,62.61,530,1358
03/10/2014,10:14:02.352,62.6,62.61,691,1358
03/10/2014,10:14:03.348,62.6,62.61,491,1358
03/10/2014,10:14:03.868,62.6,62.61,279,1358
03/10/2014,10:14:06.874,62.6,62.61,279,1364
03/10/2014,10:14:08.883,62.6,62.61,279,1378
03/10/2014,10:14:09.334,62.6,62.61,279,1379
03/10/2014,10:14:10.901,62.59,62.61,250,1379
03/10/2014,10:14:11.894,62.59,62.61,181,1379
03/10/2014,10:14:11.894,62.59,62.6,181,2156
03/10/2014,10:14:12.389,62.59,62.6,181,2192
03/10/2014,10:14:12.883,62.59,62.6,181,2194
03/10/2014,10:14:13.446,62.59,62.6,152,2194
03/10/2014,10:14:15.390,62.59,62.6,260,2194
03/10/2014,10:14:16.405,62.59,62.6,260,2222
03/10/2014,10:14:18.428,62.6,62.6,3551,2222
03/10/2014,10:14:18.428,62.6,62.62,3551,5110
03/10/2014,10:14:18.889,62.6,62.62,2302,5110
03/10/2014,10:14:18.930,62.6,62.62,2302,5479
03/10/2014,10:14:19.377,62.6,62.62,3226,5479
03/10/2014,10:14:19.377,62.6,62.62,3226,5489
03/10/2014,10:14:19.892,62.6,62.62,2842,5489
03/10/2014,10:14:22.415,62.6,62.62,2966,5489
03/10/2014,10:14:22.415,62.6,62.62,2966,5787
03/10/2014,10:14:22.933,62.6,62.62,2966,6984
03/10/2014,10:14:23.902,62.6,62.62,2966,5794
03/10/2014,10:14:26.447,62.6,62.62,2360,5794
03/10/2014,10:14:26.962,62.59,62.62,1058,5794
03/10/2014,10:14:26.962,62.59,62.62,1058,5994
03/10/2014,10:14:27.957,62.58,62.62,1280,5994
03/10/2014,10:14:28.453,62.58,62.62,1812,5994
03/10/2014,10:14:28.949,62.58,62.62,2038,5994
03/10/2014,10:14:28.949,62.58,62.6,2038,1500
03/10/2014,10:14:29.453,62.59,62.6,731,1500
03/10/2014,10:14:29.453,62.59,62.6,731,1268
03/10/2014,10:14:29.927,62.59,62.6,1538,1268
03/10/2014,10:14:29.953,62.59,62.6,1538,950
03/10/2014,10:14:30.471,62.59,62.6,1825,950
03/10/2014,10:14:30.471,62.59,62.6,1825,969
03/10/2014,10:14:30.922,62.59,62.6,1825,1271
03/10/2014,10:14:32.951,62.59,62.6,1825,1592
03/10/2014,10:14:33.490,62.59,62.6,1996,1592
03/10/2014,10:14:33.985,62.59,62.6,1996,1842
03/10/2014,10:14:34.976,62.6,62.6,130,1842
03/10/2014,10:14:34.976,62.6,62.61,130,584
03/10/2014,10:14:35.498,62.6,62.61,677,584
03/10/2014,10:14:35.996,62.6,62.61,1914,584
03/10/2014,10:14:35.996,62.6,62.61,1914,856
03/10/2014,10:14:36.511,62.6,62.61,2457,856
03/10/2014,10:14:36.511,62.6,62.61,2457,392
03/10/2014,10:14:37.503,62.6,62.61,1680,392
03/10/2014,10:14:37.503,62.6,62.61,1680,784
03/10/2014,10:14:39.498,62.6,62.61,2069,784
03/10/2014,10:14:42.012,62.6,62.61,1606,784
03/10/2014,10:14:42.501,62.6,62.61,1896,784
03/10/2014,10:14:42.501,62.6,62.61,1896,768
03/10/2014,10:14:43.003,62.6,62.61,2040,768
03/10/2014,10:14:44.013,62.6,62.61,3109,768
03/10/2014,10:14:44.992,62.6,62.61,3109,390
03/10/2014,10:14:45.497,62.61,62.61,223,390
03/10/2014,10:14:45.497,62.61,62.62,223,2323
03/10/2014,10:14:46.524,62.61,62.62,223,2324
03/10/2014,10:14:47.546,62.6,62.62,10359,2324
03/10/2014,10:14:47.546,62.6,62.61,10359,1497
03/10/2014,10:14:48.040,62.6,62.61,10093,1497
03/10/2014,10:14:48.519,62.6,62.61,11375,1497
03/10/2014,10:14:51.053,62.6,62.61,11083,1497
03/10/2014,10:14:51.053,62.6,62.61,11083,2246
03/10/2014,10:14:51.549,62.6,62.61,11083,2603
03/10/2014,10:14:54.056,62.6,62.61,11683,2603
03/10/2014,10:14:55.571,62.6,62.61,11683,2617
03/10/2014,10:14:56.567,62.61,62.61,175,2617
03/10/2014,10:14:56.567,62.61,62.62,175,1196
03/10/2014,10:14:57.060,62.6,62.62,10872,1196
03/10/2014,10:14:57.060,62.6,62.61,10872,390
03/10/2014,10:14:57.588,62.6,62.61,11717,390
03/10/2014,10:14:57.588,62.6,62.61,11717,907
03/10/2014,10:14:59.074,62.6,62.61,11717,1541
03/10/2014,10:14:59.571,62.6,62.61,11717,3082
03/10/2014,10:15:02.085,62.6,62.61,11717,3092
03/10/2014,10:15:02.574,62.61,62.61,1037,3092
03/10/2014,10:15:02.574,62.61,62.63,1037,909
03/10/2014,10:15:03.089,62.62,62.63,1096,909
03/10/2014,10:15:03.089,62.62,62.63,1096,626
03/10/2014,10:15:03.578,62.62,62.63,1096,1388
03/10/2014,10:15:04.091,62.62,62.63,1096,1391
03/10/2014,10:15:06.583,62.62,62.63,1046,1391
03/10/2014,10:15:07.107,62.62,62.63,1046,1891
03/10/2014,10:15:07.607,62.62,62.63,1046,2688
03/10/2014,10:15:08.104,62.62,62.63,1046,2752
03/10/2014,10:15:09.628,62.61,62.63,142,2752
03/10/2014,10:15:09.628,62.61,62.62,142,1221
03/10/2014,10:15:10.127,62.61,62.62,142,1237
03/10/2014,10:15:11.098,62.61,62.62,142,1240
03/10/2014,10:15:11.722,62.61,62.62,142,2480
03/10/2014,10:15:12.643,62.61,62.62,142,2380
03/10/2014,10:15:14.137,62.6,62.62,11080,2380
03/10/2014,10:15:14.137,62.6,62.61,11080,481
03/10/2014,10:15:14.633,62.61,62.61,111,481
03/10/2014,10:15:14.633,62.61,62.62,111,2056
03/10/2014,10:15:15.128,62.6,62.62,11080,2056
03/10/2014,10:15:15.128,62.6,62.61,11080,3
03/10/2014,10:15:15.648,62.6,62.61,11080,25
03/10/2014,10:15:16.653,62.6,62.61,11080,23
03/10/2014,10:15:17.665,62.6,62.61,10827,23
03/10/2014,10:15:19.151,62.6,62.62,10827,1309
03/10/2014,10:15:20.166,62.6,62.62,10827,1311
03/10/2014,10:15:20.636,62.6,62.61,10827,424
03/10/2014,10:15:21.145,62.6,62.61,10827,797
03/10/2014,10:15:21.661,62.6,62.61,10827,1594
03/10/2014,10:15:23.173,62.6,62.61,10827,1187
03/10/2014,10:15:23.688,62.6,62.61,10827,1326
03/10/2014,10:15:24.684,62.61,62.61,1006,1326
03/10/2014,10:15:24.684,62.61,62.62,1006,463
03/10/2014,10:15:25.680,62.61,62.62,1006,464
03/10/2014,10:15:26.686,62.62,62.62,169,464
03/10/2014,10:15:26.686,62.62,62.63,169,1050
03/10/2014,10:15:27.187,62.62,62.63,586,1050
03/10/2014,10:15:27.187,62.62,62.63,586,981
03/10/2014,10:15:27.687,62.62,62.63,586,995
03/10/2014,10:15:29.207,62.61,62.63,1262,995
03/10/2014,10:15:29.207,62.61,62.62,1262,970
03/10/2014,10:15:29.708,62.61,62.62,1262,986
03/10/2014,10:15:31.712,62.61,62.62,1262,1500
03/10/2014,10:15:32.213,62.61,62.62,1195,1500
03/10/2014,10:15:32.213,62.61,62.63,1195,1013
03/10/2014,10:15:33.220,62.61,62.62,1195,424
03/10/2014,10:15:34.221,62.61,62.62,1195,492
03/10/2014,10:15:35.238,62.61,62.62,1414,492
03/10/2014,10:15:35.238,62.61,62.63,1414,1437
03/10/2014,10:15:36.234,62.61,62.62,1414,424
03/10/2014,10:15:38.246,62.61,62.63,1414,1437
03/10/2014,10:15:38.741,62.61,62.63,1414,1500
03/10/2014,10:15:39.239,62.61,62.62,1414,424
03/10/2014,10:15:39.734,62.61,62.62,1414,1284
03/10/2014,10:15:40.259,62.62,62.62,874,1284
03/10/2014,10:15:40.259,62.62,62.63,874,37
03/10/2014,10:15:40.752,62.62,62.63,874,610
03/10/2014,10:15:41.749,62.62,62.63,874,624
03/10/2014,10:15:43.749,62.62,62.63,874,1124
03/10/2014,10:15:47.265,62.62,62.63,874,1758
03/10/2014,10:15:53.811,62.62,62.63,874,1772
03/10/2014,10:15:54.309,62.62,62.63,982,1772
03/10/2014,10:15:56.321,62.62,62.63,982,1921
03/10/2014,10:15:56.818,62.62,62.63,982,1931
03/10/2014,10:15:57.312,62.61,62.63,3597,1931
03/10/2014,10:15:57.312,62.61,62.63,3597,2037
03/10/2014,10:15:57.807,62.61,62.63,3597,1968
03/10/2014,10:16:01.337,62.61,62.63,3756,1968
03/10/2014,10:16:04.361,62.61,62.62,3756,2879
03/10/2014,10:16:04.850,62.61,62.62,3756,2928
03/10/2014,10:16:05.864,62.61,62.62,3956,2928
03/10/2014,10:16:11.426,62.61,62.62,3975,2928
03/10/2014,10:16:12.383,62.61,62.62,3975,3041
03/10/2014,10:16:19.911,62.61,62.62,3975,3046
03/10/2014,10:16:20.408,62.62,62.62,108,3046
03/10/2014,10:16:20.408,62.62,62.63,108,1261
03/10/2014,10:16:20.901,62.62,62.63,316,1261
03/10/2014,10:16:20.901,62.62,62.63,316,1306
03/10/2014,10:16:21.917,62.62,62.63,316,1363
03/10/2014,10:16:23.924,62.62,62.63,1332,1363
03/10/2014,10:16:26.423,62.62,62.63,1518,1363
03/10/2014,10:16:26.423,62.62,62.63,1518,25
03/10/2014,10:16:26.997,62.62,62.63,1438,25
03/10/2014,10:16:26.997,62.62,62.63,1438,27
03/10/2014,10:16:28.448,62.62,62.63,260,27
03/10/2014,10:16:28.448,62.62,62.64,260,1018
03/10/2014,10:16:28.927,62.62,62.63,260,688
03/10/2014,10:16:30.461,62.62,62.63,374,688
03/10/2014,10:16:31.958,62.62,62.63,374,1046
03/10/2014,10:16:35.468,62.62,62.63,539,1046
03/10/2014,10:16:35.468,62.62,62.63,539,949
03/10/2014,10:16:38.474,62.62,62.63,658,949
03/10/2014,10:16:38.971,62.62,62.63,658,963
03/10/2014,10:16:41.025,62.62,62.63,750,963
03/10/2014,10:16:43.507,62.62,62.63,750,516
03/10/2014,10:16:44.496,62.62,62.63,750,517
03/10/2014,10:16:44.992,62.62,62.63,581,517
03/10/2014,10:16:46.020,62.62,62.63,681,517
03/10/2014,10:16:47.512,62.62,62.63,681,500
03/10/2014,10:16:48.022,62.62,62.63,681,619
03/10/2014,10:16:49.021,62.62,62.63,481,619
03/10/2014,10:16:49.620,62.62,62.63,481,868
03/10/2014,10:16:54.536,62.62,62.63,727,868
03/10/2014,10:16:54.536,62.62,62.63,727,671
03/10/2014,10:16:56.051,62.62,62.63,727,685
03/10/2014,10:16:57.095,62.61,62.63,3433,685
03/10/2014,10:16:57.095,62.61,62.62,3433,545
03/10/2014,10:16:57.548,62.61,62.62,3433,560
03/10/2014,10:16:58.066,62.61,62.62,3433,618
03/10/2014,10:17:00.559,62.61,62.62,3433,1252
03/10/2014,10:17:01.574,62.62,62.62,869,1252
03/10/2014,10:17:01.574,62.62,62.63,869,927
03/10/2014,10:17:02.089,62.62,62.63,633,927
03/10/2014,10:17:02.089,62.62,62.63,633,1369
03/10/2014,10:17:02.589,62.62,62.63,633,836
03/10/2014,10:17:03.088,62.62,62.63,383,836
03/10/2014,10:17:03.088,62.62,62.63,383,765
03/10/2014,10:17:05.600,62.62,62.63,383,775
03/10/2014,10:17:08.110,62.62,62.63,383,305
03/10/2014,10:17:08.595,62.62,62.63,520,305
03/10/2014,10:17:08.595,62.62,62.63,520,311
03/10/2014,10:17:09.112,62.62,62.63,383,311
03/10/2014,10:17:09.112,62.62,62.63,383,945
03/10/2014,10:17:12.186,62.62,62.63,383,959
03/10/2014,10:17:12.613,62.62,62.63,483,959
03/10/2014,10:17:17.170,62.61,62.63,3306,959
03/10/2014,10:17:17.170,62.61,62.63,3306,945
03/10/2014,10:17:17.694,62.61,62.62,3306,18
03/10/2014,10:17:18.146,62.61,62.62,3306,19
03/10/2014,10:17:18.710,62.61,62.62,3306,25
03/10/2014,10:17:25.189,62.61,62.62,3706,25
03/10/2014,10:17:28.717,62.61,62.63,3706,1413
03/10/2014,10:17:29.788,62.61,62.63,3725,1413
03/10/2014,10:17:30.802,62.62,62.63,64,1413
03/10/2014,10:17:30.802,62.62,62.63,64,1415
03/10/2014,10:17:31.253,62.62,62.63,19,1415
03/10/2014,10:17:31.705,62.6,62.63,5450,1415
03/10/2014,10:17:31.705,62.6,62.61,5450,975
03/10/2014,10:17:32.199,62.6,62.61,5421,975
03/10/2014,10:17:32.199,62.6,62.61,5421,1417
03/10/2014,10:17:32.743,62.6,62.61,5421,1431
03/10/2014,10:17:33.306,62.6,62.61,5421,1816
03/10/2014,10:17:40.338,62.6,62.61,5421,1870
03/10/2014,10:17:40.788,62.6,62.61,5421,1778
03/10/2014,10:17:41.258,62.6,62.61,5421,1780
03/10/2014,10:17:41.821,62.6,62.61,5621,1780
03/10/2014,10:17:46.863,62.6,62.61,6073,1780
03/10/2014,10:17:46.863,62.6,62.61,6073,1794
03/10/2014,10:17:47.314,62.6,62.61,5748,1794
03/10/2014,10:17:49.362,62.6,62.61,518,1794
03/10/2014,10:17:49.362,62.6,62.61,518,2222
03/10/2014,10:17:49.785,62.6,62.61,610,2222
03/10/2014,10:17:52.302,62.6,62.61,1017,2222
03/10/2014,10:17:52.302,62.6,62.61,1017,1958
03/10/2014,10:17:52.865,62.6,62.61,1228,1958
03/10/2014,10:17:54.330,62.61,62.61,4705,1958
03/10/2014,10:17:54.330,62.61,62.63,4705,9
03/10/2014,10:17:54.793,62.61,62.63,4704,9
03/10/2014,10:17:57.320,62.61,62.63,90,9
03/10/2014,10:17:57.320,62.61,62.63,90,209
03/10/2014,10:17:57.906,62.61,62.63,90,210
03/10/2014,10:17:58.357,62.61,62.63,42,210
03/10/2014,10:17:58.357,62.61,62.62,42,543
03/10/2014,10:17:59.349,62.61,62.62,42,1109
03/10/2014,10:18:00.441,62.61,62.62,42,1795
03/10/2014,10:18:00.835,62.6,62.62,1286,1795
03/10/2014,10:18:00.835,62.6,62.61,1286,270
03/10/2014,10:18:01.398,62.6,62.61,1286,816
03/10/2014,10:18:03.911,62.6,62.61,1552,816
03/10/2014,10:18:03.911,62.6,62.61,1552,263
03/10/2014,10:18:04.363,62.6,62.61,1552,291
03/10/2014,10:18:04.926,62.6,62.61,1552,925
03/10/2014,10:18:05.489,62.6,62.61,1552,1611
03/10/2014,10:18:05.940,62.6,62.61,1286,1611
03/10/2014,10:18:09.426,62.61,62.61,4439,1611
03/10/2014,10:18:09.426,62.61,62.62,4439,1011
03/10/2014,10:18:09.876,62.61,62.62,4439,638
03/10/2014,10:18:10.450,62.61,62.62,4439,522
03/10/2014,10:18:12.929,62.6,62.62,1543,522
03/10/2014,10:18:12.929,62.6,62.62,1543,514
03/10/2014,10:18:13.500,62.6,62.62,1286,514
03/10/2014,10:18:13.500,62.6,62.62,1286,954
03/10/2014,10:18:14.887,62.6,62.62,1286,1716
03/10/2014,10:18:16.965,62.6,62.62,1286,1727
03/10/2014,10:18:17.979,62.6,62.62,1286,470
03/10/2014,10:18:18.429,62.6,62.62,1286,477
03/10/2014,10:18:19.001,62.62,62.62,4438,477
03/10/2014,10:18:19.001,62.62,62.63,4438,385
03/10/2014,10:18:19.452,62.62,62.63,4434,385
03/10/2014,10:18:20.474,62.62,62.63,4434,387
03/10/2014,10:18:21.510,62.62,62.63,4434,388
03/10/2014,10:18:24.447,62.62,62.63,4603,388
03/10/2014,10:18:24.969,62.62,62.63,4603,402
03/10/2014,10:18:27.972,62.62,62.63,4622,402
03/10/2014,10:18:28.462,62.62,62.63,4714,402
03/10/2014,10:18:29.476,62.62,62.63,4714,801
03/10/2014,10:18:29.954,62.62,62.63,4622,801
03/10/2014,10:18:32.001,62.62,62.63,4622,807
03/10/2014,10:18:36.514,62.62,62.63,4622,821
03/10/2014,10:18:37.069,62.62,62.63,4622,422
03/10/2014,10:18:37.584,62.62,62.63,4622,898
03/10/2014,10:18:41.000,62.62,62.63,4622,958
03/10/2014,10:18:43.109,62.62,62.63,4622,634
03/10/2014,10:18:48.541,62.62,62.63,4622,648
03/10/2014,10:18:52.642,62.62,62.63,4673,648
03/10/2014,10:18:54.130,62.62,62.63,4765,648
03/10/2014,10:18:54.130,62.62,62.63,4765,606
03/10/2014,10:18:56.090,62.62,62.63,5022,606
03/10/2014,10:18:57.104,62.62,62.63,4930,606
03/10/2014,10:18:57.104,62.62,62.63,4930,2300
03/10/2014,10:18:59.134,62.62,62.63,4673,2300
03/10/2014,10:18:59.584,62.62,62.63,4673,2417
03/10/2014,10:19:00.147,62.62,62.63,3325,2417
03/10/2014,10:19:00.147,62.62,62.63,3325,2614
03/10/2014,10:19:00.598,62.62,62.63,3233,2614
03/10/2014,10:19:00.598,62.62,62.63,3233,2630
03/10/2014,10:19:09.112,62.63,62.63,1022,2630
03/10/2014,10:19:09.112,62.63,62.64,1022,444
03/10/2014,10:19:09.724,62.63,62.64,1228,444
03/10/2014,10:19:09.724,62.63,62.64,1228,318
03/10/2014,10:19:10.174,62.63,62.64,1261,318
03/10/2014,10:19:10.174,62.63,62.64,1261,319
03/10/2014,10:19:10.671,62.63,62.64,1422,319
03/10/2014,10:19:10.671,62.63,62.64,1422,660
03/10/2014,10:19:11.118,62.63,62.64,1330,660
03/10/2014,10:19:11.684,62.63,62.64,1330,942
03/10/2014,10:19:16.211,62.64,62.64,954,942
03/10/2014,10:19:16.211,62.64,62.65,954,1025
03/10/2014,10:19:16.774,62.64,62.65,2891,1025
03/10/2014,10:19:16.774,62.64,62.65,2891,719
03/10/2014,10:19:17.675,62.63,62.65,1011,719
03/10/2014,10:19:17.675,62.63,62.64,1011,258
03/10/2014,10:19:18.239,62.63,62.64,1200,258
03/10/2014,10:19:18.239,62.63,62.64,1200,516
03/10/2014,10:19:24.239,62.63,62.64,1200,731
03/10/2014,10:19:25.281,62.63,62.64,1131,731
03/10/2014,10:19:25.281,62.63,62.64,1131,946
03/10/2014,10:19:27.201,62.63,62.64,1231,946
03/10/2014,10:19:31.267,62.63,62.64,1231,960
03/10/2014,10:19:31.719,62.63,62.64,1231,974
03/10/2014,10:19:37.243,62.62,62.64,2172,974
03/10/2014,10:19:37.243,62.62,62.63,2172,769
03/10/2014,10:19:37.807,62.62,62.63,2427,769
03/10/2014,10:19:37.807,62.62,62.63,2427,788
03/10/2014,10:19:38.258,62.62,62.63,2427,1576
03/10/2014,10:19:38.820,62.62,62.63,2427,1590
03/10/2014,10:19:43.858,62.62,62.63,2427,887
03/10/2014,10:19:44.309,62.62,62.63,2427,947
03/10/2014,10:19:47.285,62.62,62.63,2519,947
03/10/2014,10:19:53.376,62.62,62.63,2519,961
03/10/2014,10:19:54.852,62.62,62.63,2519,1161
03/10/2014,10:19:56.317,62.62,62.63,2519,1061
03/10/2014,10:19:59.848,62.62,62.63,2519,961
03/10/2014,10:20:00.342,62.62,62.63,2497,961
03/10/2014,10:20:00.342,62.62,62.63,2497,1361
03/10/2014,10:20:01.361,62.63,62.63,559,1361
03/10/2014,10:20:01.361,62.63,62.64,559,1187
03/10/2014,10:20:01.925,62.63,62.64,529,1187
03/10/2014,10:20:02.342,62.63,62.64,529,1196
03/10/2014,10:20:02.841,62.63,62.64,529,772
03/10/2014,10:20:03.840,62.63,62.64,529,622
03/10/2014,10:20:04.406,62.63,62.64,529,637
03/10/2014,10:20:04.881,62.63,62.64,529,1124
03/10/2014,10:20:05.366,62.62,62.64,2317,1124
03/10/2014,10:20:05.366,62.62,62.63,2317,400
03/10/2014,10:20:05.896,62.62,62.63,2317,666
03/10/2014,10:20:06.460,62.64,62.63,1998,666
03/10/2014,10:20:06.460,62.64,62.65,1998,811
03/10/2014,10:20:06.911,62.64,62.65,1897,811
03/10/2014,10:20:07.362,62.63,62.65,407,811
03/10/2014,10:20:07.362,62.63,62.64,407,400
03/10/2014,10:20:07.925,62.63,62.64,561,400
03/10/2014,10:20:07.925,62.63,62.64,561,766
03/10/2014,10:20:08.373,62.63,62.64,561,769
03/10/2014,10:20:08.939,62.62,62.64,907,769
03/10/2014,10:20:08.939,62.62,62.64,907,2201
03/10/2014,10:20:09.864,62.62,62.64,838,2201
03/10/2014,10:20:09.864,62.62,62.63,838,1258
03/10/2014,10:20:11.451,62.62,62.63,838,1273
03/10/2014,10:20:11.902,62.62,62.63,838,1626
03/10/2014,10:20:12.450,62.61,62.63,1153,1626
03/10/2014,10:20:12.450,62.61,62.62,1153,400
03/10/2014,10:20:13.479,62.61,62.62,1084,400
03/10/2014,10:20:13.479,62.61,62.62,1084,416
03/10/2014,10:20:13.910,62.62,62.62,262,416
03/10/2014,10:20:13.910,62.62,62.64,262,599
03/10/2014,10:20:14.410,62.63,62.64,284,599
03/10/2014,10:20:14.410,62.63,62.64,284,400
03/10/2014,10:20:14.910,62.62,62.64,269,400
03/10/2014,10:20:14.945,62.62,62.64,269,749
03/10/2014,10:20:15.392,62.62,62.64,200,749
03/10/2014,10:20:15.392,62.62,62.63,200,400
03/10/2014,10:20:15.930,62.62,62.63,200,920
03/10/2014,10:20:16.448,62.6,62.63,4800,920
03/10/2014,10:20:16.448,62.6,62.63,4800,1058
03/10/2014,10:20:16.990,62.6,62.62,4800,400
03/10/2014,10:20:17.923,62.6,62.62,4800,666
03/10/2014,10:20:18.415,62.6,62.62,4800,59
03/10/2014,10:20:18.930,62.6,62.62,4800,60
03/10/2014,10:20:20.542,62.6,62.62,4800,460
03/10/2014,10:20:21.557,62.6,62.62,4800,1162
03/10/2014,10:20:22.007,62.6,62.62,455,1162
03/10/2014,10:20:22.007,62.6,62.62,455,529
03/10/2014,10:20:22.572,62.6,62.62,645,529
03/10/2014,10:20:22.572,62.6,62.61,645,466
03/10/2014,10:20:23.022,62.6,62.61,627,466
03/10/2014,10:20:23.022,62.6,62.61,627,932
03/10/2014,10:20:23.473,62.6,62.61,627,933
03/10/2014,10:20:23.970,62.6,62.61,568,933
03/10/2014,10:20:25.051,62.6,62.61,481,933
03/10/2014,10:20:25.502,62.6,62.61,228,933
03/10/2014,10:20:26.004,62.6,62.61,429,933
03/10/2014,10:20:26.534,62.6,62.61,429,1109
03/10/2014,10:20:26.984,62.59,62.61,2442,1109
03/10/2014,10:20:26.984,62.59,62.6,2442,1471
03/10/2014,10:20:27.547,62.6,62.6,1008,1471
03/10/2014,10:20:27.547,62.6,62.62,1008,260
03/10/2014,10:20:28.000,62.6,62.62,1023,260
03/10/2014,10:20:28.564,62.6,62.62,1009,260
03/10/2014,10:20:28.564,62.6,62.62,1009,660
03/10/2014,10:20:29.011,62.6,62.62,909,660
03/10/2014,10:20:29.011,62.6,62.62,909,666
03/10/2014,10:20:29.579,62.6,62.62,909,744
03/10/2014,10:20:30.030,62.6,62.62,840,744
03/10/2014,10:20:30.030,62.6,62.61,840,400
03/10/2014,10:20:30.533,62.6,62.61,231,400
03/10/2014,10:20:30.533,62.6,62.61,231,408
03/10/2014,10:20:31.011,62.6,62.61,370,408
03/10/2014,10:20:32.014,62.6,62.61,601,408
03/10/2014,10:20:32.996,62.6,62.61,601,1013
03/10/2014,10:20:33.564,62.6,62.61,597,1013
03/10/2014,10:20:34.128,62.6,62.61,597,1019
03/10/2014,10:20:34.579,62.6,62.61,618,1019
03/10/2014,10:20:35.030,62.6,62.61,588,1019
03/10/2014,10:20:35.593,62.6,62.61,553,1019
03/10/2014,10:20:35.593,62.6,62.62,553,667
03/10/2014,10:20:36.126,62.6,62.62,523,667
03/10/2014,10:20:36.126,62.6,62.61,523,4
03/10/2014,10:20:36.576,62.6,62.61,428,4
03/10/2014,10:20:36.576,62.6,62.61,428,11
03/10/2014,10:20:37.104,62.6,62.61,428,187
03/10/2014,10:20:38.067,62.6,62.61,428,774
03/10/2014,10:20:41.147,62.6,62.61,428,554
03/10/2014,10:20:42.166,62.6,62.61,428,559
03/10/2014,10:20:43.555,62.6,62.61,428,565
03/10/2014,10:20:44.569,62.6,62.61,428,1157
03/10/2014,10:20:48.579,62.6,62.61,649,1157
03/10/2014,10:20:48.579,62.6,62.62,649,770
03/10/2014,10:20:49.143,62.6,62.62,86,770
03/10/2014,10:20:49.143,62.6,62.61,86,413
03/10/2014,10:20:49.590,62.6,62.61,575,413
03/10/2014,10:20:49.590,62.6,62.61,575,13
03/10/2014,10:20:50.088,62.6,62.61,575,20
03/10/2014,10:20:51.102,62.6,62.61,1419,20
03/10/2014,10:20:54.102,62.6,62.61,1419,163
03/10/2014,10:20:55.144,62.6,62.61,1542,163
03/10/2014,10:21:02.190,62.61,62.61,1689,163
03/10/2014,10:21:02.190,62.61,62.62,1689,459
03/10/2014,10:21:02.641,62.61,62.62,1687,459
03/10/2014,10:21:02.641,62.61,62.62,1687,888
03/10/2014,10:21:03.179,62.61,62.62,1687,890
03/10/2014,10:21:03.651,62.61,62.62,1687,891
03/10/2014,10:21:05.230,62.61,62.62,1852,891
03/10/2014,10:21:06.244,62.61,62.62,1852,898
03/10/2014,10:21:06.657,62.61,62.62,1696,898
03/10/2014,10:21:08.155,62.61,62.62,1696,2376
03/10/2014,10:21:08.719,62.6,62.62,963,2376
03/10/2014,10:21:08.719,62.6,62.61,963,270
03/10/2014,10:21:09.170,62.6,62.61,1041,270
03/10/2014,10:21:09.170,62.6,62.61,1041,271
03/10/2014,10:21:09.691,62.6,62.61,775,271
03/10/2014,10:21:09.691,62.6,62.61,775,283
03/10/2014,10:21:12.262,62.6,62.61,2775,283
03/10/2014,10:21:12.712,62.6,62.61,2773,283
03/10/2014,10:21:12.712,62.6,62.61,2773,451
03/10/2014,10:21:13.278,62.6,62.61,2869,451
03/10/2014,10:21:13.278,62.6,62.61,2869,479
03/10/2014,10:21:13.684,62.6,62.61,1595,479
03/10/2014,10:21:13.684,62.6,62.61,1595,599
03/10/2014,10:21:18.738,62.6,62.61,1480,599
03/10/2014,10:21:18.738,62.6,62.61,1480,484
03/10/2014,10:21:19.231,62.6,62.61,456,484
03/10/2014,10:21:19.705,62.61,62.61,5238,484
03/10/2014,10:21:19.705,62.61,62.62,5238,1354
03/10/2014,10:21:20.243,62.61,62.62,4798,1354
03/10/2014,10:21:20.243,62.61,62.62,4798,6
03/10/2014,10:21:20.706,62.61,62.64,4798,374
03/10/2014,10:21:21.273,62.61,62.64,4798,664
03/10/2014,10:21:21.723,62.61,62.63,4798,270
03/10/2014,10:21:25.814,62.6,62.63,3065,270
03/10/2014,10:21:25.814,62.6,62.61,3065,270
03/10/2014,10:21:26.264,62.6,62.61,3168,270
03/10/2014,10:21:26.264,62.6,62.61,3168,377
03/10/2014,10:21:26.833,62.6,62.61,2887,377
03/10/2014,10:21:26.833,62.6,62.61,2887,630
03/10/2014,10:21:27.284,62.6,62.61,2792,630
03/10/2014,10:21:27.760,62.6,62.61,2509,630
03/10/2014,10:21:27.760,62.6,62.61,2509,922
03/10/2014,10:21:28.327,62.6,62.61,2585,922
03/10/2014,10:21:28.327,62.6,62.61,2585,951
03/10/2014,10:21:29.342,62.6,62.61,2585,958
03/10/2014,10:21:30.807,62.6,62.61,2173,958
03/10/2014,10:21:30.807,62.6,62.61,2173,825
03/10/2014,10:21:31.335,62.59,62.61,2454,825
03/10/2014,10:21:31.335,62.59,62.61,2454,894
03/10/2014,10:21:31.786,62.59,62.61,2188,894
03/10/2014,10:21:32.355,62.59,62.61,2119,894
03/10/2014,10:21:32.355,62.59,62.6,2119,412
03/10/2014,10:21:32.757,62.59,62.6,2119,422
03/10/2014,10:21:33.253,62.59,62.6,2119,456
03/10/2014,10:21:33.773,62.59,62.6,2119,628
03/10/2014,10:21:34.269,62.59,62.6,1962,628
03/10/2014,10:21:34.269,62.59,62.6,1962,613
03/10/2014,10:21:35.285,62.59,62.6,1937,613
03/10/2014,10:21:37.876,62.59,62.6,437,613
03/10/2014,10:21:38.277,62.59,62.6,654,613
03/10/2014,10:21:39.351,62.59,62.6,390,613
03/10/2014,10:21:39.802,62.59,62.6,390,803
03/10/2014,10:21:42.357,62.59,62.6,390,978
03/10/2014,10:21:42.807,62.59,62.6,390,1038
03/10/2014,10:21:43.285,62.59,62.6,484,1038
03/10/2014,10:21:43.822,62.59,62.6,484,2538
03/10/2014,10:21:44.384,62.59,62.6,484,2649
03/10/2014,10:21:46.808,62.59,62.6,464,2649
03/10/2014,10:21:48.303,62.59,62.6,464,2669
03/10/2014,10:21:49.371,62.59,62.6,464,3216
03/10/2014,10:21:50.385,62.59,62.6,460,3216
03/10/2014,10:21:53.382,62.59,62.6,1460,3216
03/10/2014,10:21:53.868,62.59,62.6,1479,3216
03/10/2014,10:21:53.868,62.59,62.6,1479,3147
03/10/2014,10:21:54.898,62.59,62.6,1419,3147
03/10/2014,10:21:54.898,62.59,62.6,1419,3087
03/10/2014,10:21:55.912,62.59,62.6,1819,3087
03/10/2014,10:21:55.912,62.59,62.61,1819,246
03/10/2014,10:21:56.361,62.6,62.61,19,246
03/10/2014,10:21:56.361,62.6,62.61,19,1055
03/10/2014,10:21:56.926,62.6,62.61,17,1055
03/10/2014,10:21:57.941,62.6,62.61,17,1057
03/10/2014,10:22:00.864,62.6,62.61,506,1057
03/10/2014,10:22:01.437,62.6,62.61,1261,1057
03/10/2014,10:22:01.437,62.6,62.61,1261,787
03/10/2014,10:22:03.905,62.6,62.61,1261,801
03/10/2014,10:22:04.468,62.61,62.61,2141,801
03/10/2014,10:22:04.468,62.61,62.62,2141,56
03/10/2014,10:22:04.920,62.61,62.62,2140,56
03/10/2014,10:22:04.920,62.61,62.62,2140,218
03/10/2014,10:22:05.985,62.61,62.62,2140,219
03/10/2014,10:22:06.445,62.61,62.62,2895,219
03/10/2014,10:22:07.896,62.61,62.62,2895,719
03/10/2014,10:22:10.477,62.61,62.62,3083,719
03/10/2014,10:22:17.520,62.61,62.62,3083,733
03/10/2014,10:22:23.569,62.61,62.62,3014,733
03/10/2014,10:22:23.569,62.61,62.62,3014,1959
03/10/2014,10:22:24.478,62.61,62.62,2714,1959
03/10/2014,10:22:25.020,62.61,62.62,913,1959
03/10/2014,10:22:25.020,62.61,62.62,913,2304
03/10/2014,10:22:25.482,62.6,62.62,888,2304
03/10/2014,10:22:25.482,62.6,62.61,888,349
03/10/2014,10:22:26.048,62.6,62.61,898,349
03/10/2014,10:22:26.048,62.6,62.61,898,372
03/10/2014,10:22:26.499,62.6,62.61,898,378
03/10/2014,10:22:27.063,62.6,62.61,829,378
03/10/2014,10:22:27.063,62.6,62.61,829,684
03/10/2014,10:22:30.576,62.6,62.61,829,846
03/10/2014,10:22:32.605,62.6,62.61,829,804
03/10/2014,10:22:35.046,62.6,62.61,1015,804
03/10/2014,10:22:35.046,62.6,62.61,1015,800
03/10/2014,10:22:37.591,62.6,62.61,1281,800
03/10/2014,10:22:37.591,62.6,62.61,1281,345
03/10/2014,10:22:38.155,62.6,62.61,1281,679
03/10/2014,10:22:38.595,62.6,62.61,1281,692
03/10/2014,10:22:39.091,62.6,62.61,1281,706
03/10/2014,10:22:39.578,62.6,62.61,1281,563
03/10/2014,10:22:40.603,62.6,62.61,1281,573
03/10/2014,10:22:45.583,62.6,62.61,1281,642
03/10/2014,10:22:46.063,62.6,62.61,1281,645
03/10/2014,10:22:46.627,62.6,62.61,581,645
03/10/2014,10:22:47.656,62.6,62.61,315,645
03/10/2014,10:22:48.120,62.59,62.61,1287,645
03/10/2014,10:22:49.658,62.59,62.61,1553,645
03/10/2014,10:22:50.125,62.59,62.61,1553,545
03/10/2014,10:22:52.705,62.59,62.61,1553,345
03/10/2014,10:22:53.156,62.59,62.61,1739,345
03/10/2014,10:22:53.156,62.59,62.61,1739,347
03/10/2014,10:22:56.170,62.6,62.61,200,347
03/10/2014,10:22:56.170,62.6,62.61,200,409
03/10/2014,10:22:56.656,62.6,62.61,289,409
03/10/2014,10:22:58.674,62.6,62.61,614,409
03/10/2014,10:22:58.674,62.6,62.61,614,345
03/10/2014,10:22:59.120,62.6,62.61,1411,345
03/10/2014,10:22:59.120,62.6,62.61,1411,346
03/10/2014,10:22:59.619,62.6,62.61,1677,346
03/10/2014,10:22:59.619,62.6,62.61,1677,1
03/10/2014,10:23:00.139,62.6,62.61,1677,345
03/10/2014,10:23:02.648,62.6,62.61,1708,345
03/10/2014,10:23:03.197,62.6,62.61,1708,410
03/10/2014,10:23:05.155,62.61,62.61,90,410
03/10/2014,10:23:05.155,62.61,62.62,90,1440
03/10/2014,10:23:06.173,62.61,62.62,103,1440
03/10/2014,10:23:06.173,62.61,62.62,103,1450
03/10/2014,10:23:06.738,62.61,62.62,192,1450
03/10/2014,10:23:08.203,62.61,62.62,989,1450
03/10/2014,10:23:08.766,62.61,62.62,4489,1450
03/10/2014,10:23:08.766,62.61,62.62,4489,1010
03/10/2014,10:23:09.218,62.61,62.62,4489,1016
03/10/2014,10:23:10.178,62.62,62.62,83,1016
03/10/2014,10:23:10.178,62.62,62.63,83,745
03/10/2014,10:23:10.740,62.62,62.63,97,745
03/10/2014,10:23:11.191,62.62,62.63,97,748
03/10/2014,10:23:17.237,62.62,62.63,97,289
03/10/2014,10:23:17.727,62.62,62.63,148,289
03/10/2014,10:23:21.760,62.62,62.65,148,562
03/10/2014,10:23:22.211,62.62,62.63,148,2
03/10/2014,10:23:26.269,62.61,62.63,4614,2
03/10/2014,10:23:26.269,62.61,62.63,4614,1942
03/10/2014,10:23:28.316,62.62,62.63,150,1942
03/10/2014,10:23:29.247,62.62,62.63,150,1948
03/10/2014,10:23:35.323,62.62,62.63,350,1948
03/10/2014,10:23:37.796,62.62,62.63,350,1998
03/10/2014,10:23:38.297,62.61,62.63,3936,1998
03/10/2014,10:23:38.297,62.61,62.62,3936,1591
03/10/2014,10:23:38.861,62.61,62.62,3936,1607
03/10/2014,10:23:39.881,62.61,62.62,3936,1609
03/10/2014,10:23:40.332,62.61,62.62,3936,1659
03/10/2014,10:23:42.798,62.61,62.62,3936,1656
03/10/2014,10:23:43.809,62.61,62.62,3936,1657
03/10/2014,10:23:44.826,62.61,62.62,3936,1656
03/10/2014,10:23:47.885,62.61,62.62,4202,1656
03/10/2014,10:23:51.974,62.62,62.62,93,1656
03/10/2014,10:23:51.974,62.62,62.64,93,50
03/10/2014,10:23:52.473,62.64,62.64,1,50
03/10/2014,10:23:52.473,62.64,62.65,1,562
03/10/2014,10:23:52.902,62.63,62.65,99,562
03/10/2014,10:23:53.488,62.63,62.65,259,562
03/10/2014,10:23:53.488,62.63,62.65,259,551
03/10/2014,10:23:57.932,62.63,62.65,259,565
03/10/2014,10:23:59.896,62.63,62.64,259,440
03/10/2014,10:24:00.445,62.63,62.64,259,455
03/10/2014,10:24:00.985,62.63,62.64,166,455
03/10/2014,10:24:01.396,62.63,62.64,259,455
03/10/2014,10:24:03.402,62.63,62.64,259,355
03/10/2014,10:24:08.449,62.63,62.64,259,727
03/10/2014,10:24:10.929,62.63,62.64,259,629
03/10/2014,10:24:11.959,62.63,62.64,259,643
03/10/2014,10:24:12.973,62.65,62.64,612,643
03/10/2014,10:24:12.973,62.65,62.66,612,1969
03/10/2014,10:24:13.537,62.65,62.66,287,1969
03/10/2014,10:24:18.460,62.65,62.66,356,1969
03/10/2014,10:24:18.481,62.65,62.66,356,1930
03/10/2014,10:24:19.050,62.65,62.66,356,1935
03/10/2014,10:24:20.523,62.65,62.66,371,1935
03/10/2014,10:24:22.576,62.65,62.66,371,1055
03/10/2014,10:24:23.007,62.65,62.66,371,755
03/10/2014,10:24:24.002,62.65,62.66,371,794
03/10/2014,10:24:26.494,62.65,62.66,371,814
03/10/2014,10:24:32.075,62.65,62.66,371,803
03/10/2014,10:24:35.574,62.64,62.66,166,803
03/10/2014,10:24:35.574,62.64,62.66,166,517
03/10/2014,10:24:38.151,62.64,62.66,166,959
03/10/2014,10:24:39.567,62.63,62.66,259,959
03/10/2014,10:24:39.567,62.63,62.64,259,3
03/10/2014,10:24:40.582,62.63,62.65,259,969
03/10/2014,10:24:41.187,62.63,62.65,259,1013
03/10/2014,10:24:42.094,62.63,62.65,259,1015
03/10/2014,10:24:43.672,62.63,62.65,259,135
03/10/2014,10:24:44.687,62.65,62.65,562,135
03/10/2014,10:24:44.687,62.65,62.66,562,1151
03/10/2014,10:24:45.133,62.65,62.66,561,1151
03/10/2014,10:24:45.639,62.63,62.66,235,1151
03/10/2014,10:24:45.639,62.63,62.65,235,380
03/10/2014,10:24:48.155,62.63,62.65,235,689
03/10/2014,10:24:50.226,62.63,62.65,235,1046
03/10/2014,10:24:51.158,62.63,62.65,235,1047
03/10/2014,10:24:52.629,62.63,62.65,235,1061
03/10/2014,10:24:53.193,62.63,62.65,792,1061
03/10/2014,10:24:53.193,62.63,62.65,792,976
03/10/2014,10:24:53.645,62.63,62.65,792,1044
03/10/2014,10:25:00.209,62.64,62.65,69,1044
03/10/2014,10:25:00.209,62.64,62.65,69,77
03/10/2014,10:25:00.648,62.63,62.65,795,77
03/10/2014,10:25:00.648,62.63,62.65,795,501
03/10/2014,10:25:02.167,62.63,62.65,795,512
03/10/2014,10:25:02.685,62.64,62.65,69,512
03/10/2014,10:25:02.685,62.64,62.66,69,864
03/10/2014,10:25:03.249,62.63,62.66,995,864
03/10/2014,10:25:03.249,62.63,62.65,995,508
03/10/2014,10:25:05.237,62.63,62.65,995,778
03/10/2014,10:25:06.206,62.63,62.65,995,1036
03/10/2014,10:25:06.702,62.63,62.65,995,1046
03/10/2014,10:25:07.223,62.63,62.65,995,14
03/10/2014,10:25:07.787,62.63,62.65,995,19
03/10/2014,10:25:09.252,62.63,62.65,1035,19
03/10/2014,10:25:09.252,62.63,62.66,1035,1240
03/10/2014,10:25:09.700,62.63,62.65,1035,453
03/10/2014,10:25:10.717,62.63,62.65,1033,453
03/10/2014,10:25:10.717,62.63,62.65,1033,828
03/10/2014,10:25:11.280,62.63,62.65,1033,830
03/10/2014,10:25:11.731,62.63,62.65,1033,832
03/10/2014,10:25:14.819,62.63,62.65,1033,1124
03/10/2014,10:25:18.245,62.63,62.65,1033,1044
03/10/2014,10:25:22.316,62.63,62.65,1044,1044
03/10/2014,10:25:25.295,62.63,62.65,1044,942
03/10/2014,10:25:26.760,62.63,62.65,1044,958
03/10/2014,10:25:28.264,62.64,62.65,69,958
03/10/2014,10:25:28.264,62.64,62.66,69,947
03/10/2014,10:25:28.833,62.64,62.66,83,947
03/10/2014,10:25:28.833,62.64,62.66,83,1255
03/10/2014,10:25:29.280,62.64,62.66,83,948
03/10/2014,10:25:30.309,62.63,62.66,1037,948
03/10/2014,10:25:30.309,62.63,62.65,1037,1
03/10/2014,10:25:30.872,62.63,62.65,1037,502
03/10/2014,10:25:31.339,62.63,62.65,1032,502
03/10/2014,10:25:31.781,62.63,62.65,872,502
03/10/2014,10:25:31.823,62.63,62.65,872,453
03/10/2014,10:25:32.353,62.63,62.65,872,492
03/10/2014,10:25:33.818,62.63,62.66,872,946
03/10/2014,10:25:34.382,62.64,62.66,1,946
03/10/2014,10:25:34.382,62.64,62.66,1,1253
03/10/2014,10:25:37.312,62.64,62.66,673,1253
03/10/2014,10:25:37.312,62.64,62.66,673,1450
03/10/2014,10:25:40.825,62.63,62.66,478,1450
03/10/2014,10:25:40.882,62.63,62.64,478,109
03/10/2014,10:25:41.897,62.63,62.64,478,123
03/10/2014,10:25:43.925,62.63,62.64,614,123
03/10/2014,10:25:44.395,62.63,62.64,545,123
03/10/2014,10:25:44.395,62.63,62.64,545,509
03/10/2014,10:25:46.905,62.63,62.64,545,959
03/10/2014,10:25:47.920,62.62,62.64,1508,959
03/10/2014,10:25:48.934,62.63,62.64,411,959
03/10/2014,10:25:48.934,62.63,62.64,411,763
03/10/2014,10:25:49.425,62.63,62.64,621,763
03/10/2014,10:25:49.425,62.63,62.64,621,492
03/10/2014,10:25:50.388,62.63,62.64,621,542
03/10/2014,10:25:53.480,62.63,62.64,920,542
03/10/2014,10:25:54.423,62.63,62.64,1037,542
03/10/2014,10:25:54.423,62.63,62.65,1037,1971
03/10/2014,10:25:56.001,62.63,62.65,1037,1985
03/10/2014,10:25:59.414,62.63,62.65,1237,1985
03/10/2014,10:25:59.439,62.63,62.66,1237,414
03/10/2014,10:26:00.465,62.63,62.66,1237,593
03/10/2014,10:26:03.507,62.63,62.66,1237,606
03/10/2014,10:26:03.958,62.63,62.66,1417,606
03/10/2014,10:26:06.488,62.63,62.66,1217,606
03/10/2014,10:26:06.488,62.63,62.66,1217,1340
03/10/2014,10:26:07.932,62.63,62.66,1217,1345
03/10/2014,10:26:08.998,62.63,62.66,1217,1359
03/10/2014,10:26:09.958,62.64,62.66,200,1359
03/10/2014,10:26:09.958,62.64,62.67,200,116
03/10/2014,10:26:10.522,62.64,62.67,300,116
03/10/2014,10:26:10.522,62.64,62.66,300,8
03/10/2014,10:26:11.455,62.64,62.67,300,249
03/10/2014,10:26:12.520,62.64,62.67,100,249
03/10/2014,10:26:12.520,62.64,62.66,100,202
03/10/2014,10:26:12.970,62.64,62.66,100,133
03/10/2014,10:26:15.508,62.64,62.66,440,133
03/10/2014,10:26:15.508,62.64,62.67,440,254
03/10/2014,10:26:16.072,62.64,62.66,440,263
03/10/2014,10:26:16.983,62.64,62.66,440,268
03/10/2014,10:26:19.057,62.64,62.66,619,268
03/10/2014,10:26:21.080,62.64,62.66,630,268
03/10/2014,10:26:22.047,62.64,62.66,630,277
03/10/2014,10:26:23.513,62.66,62.66,1723,277
03/10/2014,10:26:23.513,62.66,62.67,1723,621
03/10/2014,10:26:24.075,62.66,62.67,1734,621
03/10/2014,10:26:24.526,62.66,62.67,1834,621
03/10/2014,10:26:25.541,62.66,62.67,1834,623
03/10/2014,10:26:33.551,62.66,62.67,1834,723
03/10/2014,10:26:34.137,62.66,62.67,1734,723
03/10/2014,10:26:34.137,62.66,62.67,1734,10
03/10/2014,10:26:34.586,62.66,62.67,1725,10
03/10/2014,10:26:34.586,62.66,62.68,1725,372
03/10/2014,10:26:35.150,62.67,62.68,100,372
03/10/2014,10:26:36.049,62.67,62.68,498,372
03/10/2014,10:26:39.095,62.67,62.68,498,630
03/10/2014,10:26:46.127,62.66,62.68,1724,630
03/10/2014,10:26:46.127,62.66,62.68,1724,614
03/10/2014,10:26:46.691,62.66,62.68,1724,620
03/10/2014,10:26:49.111,62.66,62.68,1724,753
03/10/2014,10:26:55.219,62.66,62.68,1724,764
03/10/2014,10:26:58.695,62.65,62.68,1083,764
03/10/2014,10:26:58.695,62.65,62.67,1083,1747
03/10/2014,10:26:59.166,62.65,62.67,1083,2071
03/10/2014,10:26:59.654,62.65,62.67,1083,2082
03/10/2014,10:27:01.232,62.65,62.67,873,2082
03/10/2014,10:27:04.783,62.65,62.67,873,2083
03/10/2014,10:27:05.233,62.65,62.66,873,420
03/10/2014,10:27:05.684,62.65,62.66,873,974
03/10/2014,10:27:06.222,62.65,62.66,873,1013
03/10/2014,10:27:07.234,62.65,62.66,1083,1013
03/10/2014,10:27:07.234,62.65,62.66,1083,1838
03/10/2014,10:27:07.684,62.65,62.66,1083,2198
03/10/2014,10:27:10.727,62.65,62.66,1083,2358
03/10/2014,10:27:11.291,62.65,62.66,1223,2358
03/10/2014,10:27:11.291,62.65,62.67,1223,1328
03/10/2014,10:27:11.742,62.65,62.66,1223,7
03/10/2014,10:27:16.721,62.65,62.66,1223,519
03/10/2014,10:27:17.783,62.65,62.66,1223,531
03/10/2014,10:27:19.295,62.65,62.66,1223,217
03/10/2014,10:27:19.723,62.65,62.66,1223,358
03/10/2014,10:27:21.855,62.65,62.67,1223,1210
03/10/2014,10:27:22.304,62.66,62.67,1000,1210
03/10/2014,10:27:22.304,62.66,62.67,1000,833
03/10/2014,10:27:22.751,62.66,62.67,1000,767
03/10/2014,10:27:23.353,62.66,62.67,1000,769
03/10/2014,10:27:23.803,62.66,62.67,1266,769
03/10/2014,10:27:23.803,62.66,62.68,1266,342
03/10/2014,10:27:24.254,62.65,62.68,1475,342
03/10/2014,10:27:24.254,62.65,62.67,1475,1
03/10/2014,10:27:25.269,62.65,62.67,183,1
03/10/2014,10:27:25.269,62.65,62.67,183,774
03/10/2014,10:27:26.847,62.64,62.67,460,774
03/10/2014,10:27:26.847,62.64,62.65,460,224
03/10/2014,10:27:27.289,62.64,62.66,460,704
03/10/2014,10:27:27.896,62.65,62.66,900,704
03/10/2014,10:27:27.896,62.65,62.66,900,285
03/10/2014,10:27:29.282,62.65,62.66,900,1
03/10/2014,10:27:29.839,62.65,62.66,868,1
03/10/2014,10:27:30.274,62.66,62.66,1,1
03/10/2014,10:27:30.274,62.66,62.67,1,1032
03/10/2014,10:27:30.799,62.66,62.67,1,963
03/10/2014,10:27:31.309,62.66,62.67,1,1249
03/10/2014,10:27:31.872,62.65,62.67,948,1249
03/10/2014,10:27:31.872,62.65,62.67,948,1618
03/10/2014,10:27:33.820,62.65,62.66,948,1250
03/10/2014,10:27:34.349,62.65,62.66,1055,1250
03/10/2014,10:27:34.349,62.65,62.66,1055,1181
03/10/2014,10:27:35.338,62.66,62.66,1819,1181
03/10/2014,10:27:35.338,62.66,62.67,1819,573
03/10/2014,10:27:35.902,62.66,62.67,1819,527
03/10/2014,10:27:38.886,62.66,62.67,1870,527
03/10/2014,10:27:40.382,62.66,62.67,1870,529
03/10/2014,10:27:40.827,62.66,62.67,1870,593
03/10/2014,10:27:45.375,62.66,62.67,1881,593
03/10/2014,10:27:45.375,62.66,62.67,1881,457
03/10/2014,10:27:46.390,62.66,62.67,2800,457
03/10/2014,10:27:46.390,62.66,62.67,2800,28
03/10/2014,10:27:47.422,62.66,62.67,2800,12
03/10/2014,10:27:48.932,62.66,62.67,2800,18
03/10/2014,10:27:49.849,62.66,62.67,3066,18
03/10/2014,10:27:50.392,62.66,62.67,3066,68
03/10/2014,10:27:52.419,62.66,62.67,3166,68
03/10/2014,10:27:52.954,62.66,62.67,3166,2
03/10/2014,10:27:53.404,62.66,62.67,3166,705
03/10/2014,10:27:53.874,62.66,62.67,2900,705
03/10/2014,10:27:53.874,62.66,62.67,2900,438
03/10/2014,10:27:54.906,62.66,62.67,2900,337
03/10/2014,10:27:55.388,62.67,62.67,1663,337
03/10/2014,10:27:55.388,62.67,62.68,1663,277
03/10/2014,10:27:55.932,62.67,62.68,1778,277
03/10/2014,10:27:55.932,62.67,62.68,1778,268
03/10/2014,10:27:56.953,62.67,62.68,1778,269
03/10/2014,10:27:57.404,62.67,62.68,1778,603
03/10/2014,10:27:59.433,62.67,62.68,1778,607
03/10/2014,10:28:01.977,62.67,62.68,1778,708
03/10/2014,10:28:03.442,62.67,62.68,2159,708
03/10/2014,10:28:05.487,62.67,62.68,2159,764
03/10/2014,10:28:05.925,62.67,62.68,2090,764
03/10/2014,10:28:05.984,62.67,62.68,2090,2164
03/10/2014,10:28:10.491,62.67,62.68,2090,2455
03/10/2014,10:28:10.958,62.67,62.68,1990,2455
03/10/2014,10:28:10.958,62.67,62.68,1990,2461
03/10/2014,10:28:11.542,62.66,62.68,2838,2461
03/10/2014,10:28:11.542,62.66,62.67,2838,566
03/10/2014,10:28:11.993,62.66,62.67,3182,566
03/10/2014,10:28:11.993,62.66,62.67,3182,498
03/10/2014,10:28:12.464,62.65,62.67,1300,498
03/10/2014,10:28:12.464,62.65,62.66,1300,647
03/10/2014,10:28:13.508,62.65,62.66,1300,671
03/10/2014,10:28:13.955,62.65,62.66,1300,673
03/10/2014,10:28:14.522,62.65,62.66,1288,673
03/10/2014,10:28:14.522,62.65,62.66,1288,1346
03/10/2014,10:28:17.582,62.65,62.66,1279,1346
03/10/2014,10:28:18.056,62.65,62.66,1279,1347
03/10/2014,10:28:19.538,62.65,62.66,1645,1347
03/10/2014,10:28:23.021,62.65,62.66,1645,27
03/10/2014,10:28:27.082,62.64,62.66,460,27
03/10/2014,10:28:27.082,62.64,62.66,460,1085
03/10/2014,10:28:27.569,62.64,62.66,1607,1085
03/10/2014,10:28:27.569,62.64,62.66,1607,1016
03/10/2014,10:28:29.046,62.64,62.66,1607,1387
03/10/2014,10:28:30.061,62.64,62.66,1607,1403
03/10/2014,10:28:33.537,62.64,62.66,1749,1403
03/10/2014,10:28:36.569,62.64,62.66,1913,1403
03/10/2014,10:28:37.094,62.65,62.66,216,1403
03/10/2014,10:28:37.657,62.65,62.66,355,1403
03/10/2014,10:28:39.142,62.65,62.66,443,1403
03/10/2014,10:28:39.592,62.65,62.66,443,1490
03/10/2014,10:28:40.156,62.64,62.66,1633,1490
03/10/2014,10:28:40.156,62.64,62.66,1633,1447
03/10/2014,10:28:41.170,62.64,62.65,1633,191
03/10/2014,10:28:41.566,62.64,62.65,1841,191
03/10/2014,10:28:41.566,62.64,62.65,1841,221
03/10/2014,10:28:42.635,62.64,62.65,2295,221
03/10/2014,10:28:42.635,62.64,62.65,2295,222
03/10/2014,10:28:43.080,62.64,62.65,2295,593
03/10/2014,10:28:43.675,62.64,62.65,2295,2719
03/10/2014,10:28:44.081,62.64,62.65,2563,2719
03/10/2014,10:28:44.081,62.64,62.65,2563,2339
03/10/2014,10:28:45.079,62.64,62.65,2563,2716
03/10/2014,10:28:46.661,62.65,62.65,411,2716
03/10/2014,10:28:46.661,62.65,62.67,411,114
03/10/2014,10:28:50.675,62.65,62.67,661,114
03/10/2014,10:28:52.126,62.65,62.68,661,1153
03/10/2014,10:28:54.225,62.65,62.68,1161,1153
03/10/2014,10:28:54.225,62.65,62.68,1161,1084
03/10/2014,10:28:55.128,62.65,62.67,1161,685
03/10/2014,10:28:55.733,62.65,62.67,1463,685
03/10/2014,10:28:56.184,62.66,62.67,836,685
03/10/2014,10:28:56.747,62.66,62.67,1104,685
03/10/2014,10:28:58.202,62.66,62.67,1104,699
03/10/2014,10:28:59.170,62.66,62.67,1766,699
03/10/2014,10:28:59.170,62.66,62.67,1766,967
03/10/2014,10:29:00.219,62.67,62.67,901,967
03/10/2014,10:29:00.219,62.67,62.68,901,2046
03/10/2014,10:29:00.694,62.67,62.68,895,2046
03/10/2014,10:29:00.694,62.67,62.68,895,1977
03/10/2014,10:29:01.258,62.66,62.68,731,1977
03/10/2014,10:29:01.258,62.66,62.67,731,478
03/10/2014,10:29:01.709,62.66,62.67,662,478
03/10/2014,10:29:02.177,62.66,62.67,662,481
03/10/2014,10:29:03.755,62.66,62.67,682,481
03/10/2014,10:29:05.210,62.66,62.67,1213,481
03/10/2014,10:29:06.223,62.66,62.67,1346,481
03/10/2014,10:29:08.238,62.66,62.67,1625,481
03/10/2014,10:29:08.238,62.66,62.67,1625,356
03/10/2014,10:29:08.689,62.66,62.68,1625,2099
03/10/2014,10:29:09.175,62.66,62.67,1625,278
03/10/2014,10:29:11.193,62.67,62.67,934,278
03/10/2014,10:29:11.224,62.67,62.68,934,2113
03/10/2014,10:29:11.900,62.67,62.68,1016,2113
03/10/2014,10:29:12.802,62.67,62.68,1016,2127
03/10/2014,10:29:13.708,62.67,62.68,1016,1643
03/10/2014,10:29:14.291,62.67,62.68,1016,1593
03/10/2014,10:29:15.229,62.67,62.68,1016,1607
03/10/2014,10:29:16.260,62.67,62.68,1016,2362
03/10/2014,10:29:16.824,62.66,62.68,1631,2362
03/10/2014,10:29:16.824,62.66,62.67,1631,762
03/10/2014,10:29:17.288,62.66,62.67,1631,779
03/10/2014,10:29:18.314,62.66,62.67,1631,1143
03/10/2014,10:29:19.797,62.66,62.67,1631,1234
03/10/2014,10:29:21.825,62.66,62.67,1631,1284
03/10/2014,10:29:23.853,62.65,62.67,2409,1284
03/10/2014,10:29:23.853,62.65,62.67,2409,1105
03/10/2014,10:29:24.330,62.65,62.67,2684,1105
03/10/2014,10:29:24.330,62.65,62.67,2684,862
03/10/2014,10:29:24.825,62.65,62.66,2684,25
03/10/2014,10:29:26.854,62.65,62.66,2684,166
03/10/2014,10:29:27.868,62.65,62.66,2684,167
03/10/2014,10:29:28.337,62.65,62.66,2684,526
03/10/2014,10:29:29.824,62.65,62.66,2684,532
03/10/2014,10:29:31.864,62.65,62.66,2684,118
03/10/2014,10:29:32.306,62.66,62.66,767,118
03/10/2014,10:29:32.306,62.66,62.67,767,1087
03/10/2014,10:29:32.800,62.66,62.67,743,1087
03/10/2014,10:29:32.800,62.66,62.67,743,1018
03/10/2014,10:29:33.394,62.65,62.67,2653,1018
03/10/2014,10:29:33.394,62.65,62.66,2653,428
03/10/2014,10:29:34.324,62.65,62.66,2653,599
03/10/2014,10:29:37.840,62.65,62.66,2653,609
03/10/2014,10:29:39.374,62.65,62.66,2653,623
03/10/2014,10:29:39.825,62.65,62.66,2584,623
03/10/2014,10:29:39.825,62.65,62.66,2584,1286
03/10/2014,10:29:42.320,62.65,62.66,2584,1330
03/10/2014,10:29:43.915,62.65,62.66,2431,1330
03/10/2014,10:29:47.937,62.65,62.66,2759,1330
03/10/2014,10:29:48.389,62.65,62.66,2759,1464
03/10/2014,10:29:49.335,62.65,62.66,2858,1464
03/10/2014,10:29:49.840,62.65,62.66,2858,1514
03/10/2014,10:29:52.344,62.65,62.66,2858,1414
03/10/2014,10:29:53.866,62.65,62.66,2858,1428
03/10/2014,10:29:55.878,62.65,62.66,2858,1269
03/10/2014,10:29:57.371,62.65,62.66,2858,1119
03/10/2014,10:29:57.867,62.65,62.66,2858,1547
03/10/2014,10:30:01.906,62.66,62.66,781,1547
03/10/2014,10:30:01.906,62.66,62.67,781,710
03/10/2014,10:30:02.401,62.66,62.67,1425,710
03/10/2014,10:30:02.401,62.66,62.68,1425,1235
03/10/2014,10:30:02.929,62.65,62.68,2710,1235
03/10/2014,10:30:02.929,62.65,62.66,2710,161
03/10/2014,10:30:04.908,62.65,62.66,2710,2330
03/10/2014,10:30:07.424,62.65,62.66,2710,2334
03/10/2014,10:30:07.930,62.65,62.66,2710,2768
03/10/2014,10:30:10.451,62.65,62.66,3038,2768
03/10/2014,10:30:10.451,62.65,62.66,3038,3145
03/10/2014,10:30:11.445,62.65,62.66,3038,3159
03/10/2014,10:30:15.479,62.65,62.66,3038,3527
03/10/2014,10:30:18.466,62.67,62.66,393,3527
03/10/2014,10:30:18.466,62.67,62.68,393,1214
03/10/2014,10:30:18.989,62.66,62.68,48,1214
03/10/2014,10:30:18.989,62.66,62.68,48,1145
03/10/2014,10:30:19.482,62.65,62.68,2524,1145
03/10/2014,10:30:19.982,62.65,62.68,2524,1147
03/10/2014,10:30:20.481,62.65,62.68,2537,1147
03/10/2014,10:30:21.000,62.65,62.68,2537,1513
03/10/2014,10:30:21.468,62.65,62.68,2537,1442
03/10/2014,10:30:24.006,62.65,62.68,2438,1442
03/10/2014,10:30:26.513,62.67,62.68,328,1442
03/10/2014,10:30:26.513,62.67,62.68,328,8
03/10/2014,10:30:27.534,62.68,62.68,328,8
03/10/2014,10:30:27.534,62.68,62.69,328,789
03/10/2014,10:30:28.018,62.68,62.69,342,789
03/10/2014,10:30:31.544,62.68,62.69,342,803
03/10/2014,10:30:32.520,62.68,62.69,342,810
03/10/2014,10:30:33.046,62.68,62.69,450,810
03/10/2014,10:30:33.552,62.68,62.69,619,810
03/10/2014,10:30:33.552,62.68,62.69,619,481
03/10/2014,10:30:34.075,62.68,62.69,885,481
03/10/2014,10:30:34.524,62.68,62.69,1191,481
03/10/2014,10:30:35.080,62.68,62.69,1191,751
03/10/2014,10:30:35.552,62.68,62.69,1191,365
03/10/2014,10:30:36.084,62.69,62.69,742,365
03/10/2014,10:30:36.084,62.69,62.7,742,40
03/10/2014,10:30:36.559,62.69,62.7,1053,40
03/10/2014,10:30:36.559,62.69,62.7,1053,838
03/10/2014,10:30:37.570,62.69,62.7,1053,1170
03/10/2014,10:30:38.098,62.69,62.7,1053,1276
03/10/2014,10:30:39.041,62.69,62.7,984,1276
03/10/2014,10:30:39.041,62.69,62.7,984,1421
03/10/2014,10:30:45.114,62.68,62.7,287,1421
03/10/2014,10:30:45.114,62.68,62.7,287,1677
03/10/2014,10:30:45.614,62.68,62.7,259,1677
03/10/2014,10:30:45.614,62.68,62.7,259,1679
03/10/2014,10:30:46.614,62.68,62.7,516,1679
03/10/2014,10:30:51.636,62.68,62.69,516,754
03/10/2014,10:30:52.651,62.68,62.69,516,756
03/10/2014,10:30:53.139,62.67,62.69,97,756
03/10/2014,10:30:53.139,62.67,62.69,97,417
03/10/2014,10:30:53.677,62.67,62.69,97,418
03/10/2014,10:30:54.127,62.66,62.69,2407,418
03/10/2014,10:30:54.685,62.68,62.69,350,418
03/10/2014,10:30:54.685,62.68,62.69,350,81
03/10/2014,10:30:56.128,62.68,62.69,350,44
03/10/2014,10:30:58.178,62.67,62.69,540,44
03/10/2014,10:30:58.178,62.67,62.68,540,228
03/10/2014,10:30:58.704,62.67,62.68,283,228
03/10/2014,10:30:58.704,62.67,62.68,283,598
03/10/2014,10:30:59.649,62.67,62.68,255,598
03/10/2014,10:30:59.649,62.67,62.68,255,523
03/10/2014,10:31:01.171,62.67,62.68,398,523
03/10/2014,10:31:01.171,62.67,62.69,398,555
03/10/2014,10:31:01.700,62.67,62.68,398,500
03/10/2014,10:31:02.200,62.67,62.68,398,644
03/10/2014,10:31:02.711,62.67,62.69,398,874
03/10/2014,10:31:03.233,62.68,62.69,530,874
03/10/2014,10:31:03.233,62.68,62.69,530,329
03/10/2014,10:31:03.725,62.67,62.69,319,329
03/10/2014,10:31:03.725,62.67,62.68,319,133
03/10/2014,10:31:04.171,62.67,62.68,319,788
03/10/2014,10:31:06.217,62.67,62.68,576,788
03/10/2014,10:31:06.217,62.67,62.68,576,693
03/10/2014,10:31:06.734,62.67,62.68,868,693
03/10/2014,10:31:06.734,62.67,62.68,868,1633
03/10/2014,10:31:07.240,62.67,62.68,868,2381
03/10/2014,10:31:07.675,62.67,62.68,868,2754
03/10/2014,10:31:08.704,62.67,62.68,868,1369
03/10/2014,10:31:09.254,62.67,62.68,670,1369
03/10/2014,10:31:09.254,62.67,62.68,670,2145
03/10/2014,10:31:09.766,62.66,62.68,1624,2145
03/10/2014,10:31:09.766,62.66,62.68,1624,2577
03/10/2014,10:31:11.216,62.66,62.68,1812,2577
03/10/2014,10:31:11.216,62.66,62.67,1812,440
03/10/2014,10:31:11.778,62.66,62.67,1812,1765
03/10/2014,10:31:13.207,62.65,62.67,2550,1765
03/10/2014,10:31:13.207,62.65,62.67,2550,1884
03/10/2014,10:31:13.768,62.65,62.67,2848,1884
03/10/2014,10:31:14.267,62.65,62.67,3114,1884
03/10/2014,10:31:14.267,62.65,62.67,3114,1815
03/10/2014,10:31:15.282,62.65,62.67,2929,1815
03/10/2014,10:31:15.794,62.65,62.67,2477,1815
03/10/2014,10:31:15.794,62.65,62.66,2477,3243
03/10/2014,10:31:18.249,62.65,62.66,2477,2098
03/10/2014,10:31:19.289,62.65,62.66,2477,3995
03/10/2014,10:31:19.749,62.65,62.66,2477,4072
03/10/2014,10:31:20.755,62.65,62.66,2477,3539
03/10/2014,10:31:21.285,62.65,62.66,4477,3539
03/10/2014,10:31:21.285,62.65,62.66,4477,3748
03/10/2014,10:31:22.246,62.65,62.66,4477,4000
03/10/2014,10:31:22.750,62.65,62.66,4477,3953
03/10/2014,10:31:23.269,62.64,62.66,2641,3953
03/10/2014,10:31:23.269,62.64,62.65,2641,1942
03/10/2014,10:31:23.827,62.65,62.65,603,1942
03/10/2014,10:31:23.827,62.65,62.66,603,2462
03/10/2014,10:31:24.325,62.66,62.66,846,2462
03/10/2014,10:31:24.325,62.66,62.68,846,1307
03/10/2014,10:31:25.319,62.66,62.68,1031,1307
03/10/2014,10:31:25.319,62.66,62.68,1031,1238
03/10/2014,10:31:25.793,62.66,62.68,1031,1602
03/10/2014,10:31:27.832,62.66,62.68,1031,1964
03/10/2014,10:31:28.796,62.66,62.68,882,1964
03/10/2014,10:31:28.796,62.66,62.68,882,478
03/10/2014,10:31:29.801,62.66,62.68,882,828
03/10/2014,10:31:30.846,62.66,62.68,697,828
03/10/2014,10:31:31.847,62.66,62.68,697,2017
03/10/2014,10:31:32.796,62.66,62.67,697,1645
03/10/2014,10:31:33.310,62.66,62.67,861,1645
03/10/2014,10:31:33.854,62.66,62.67,1009,1645
03/10/2014,10:31:33.854,62.66,62.67,1009,500
03/10/2014,10:31:34.365,62.66,62.67,310,500
03/10/2014,10:31:34.365,62.66,62.67,310,850
03/10/2014,10:31:35.883,62.66,62.67,310,1116
03/10/2014,10:31:36.333,62.65,62.67,2193,1116
03/10/2014,10:31:36.333,62.65,62.67,2193,1477
03/10/2014,10:31:36.816,62.65,62.67,2124,1477
03/10/2014,10:31:36.896,62.65,62.67,2124,3143
03/10/2014,10:31:37.353,62.65,62.66,2124,940
03/10/2014,10:31:37.888,62.65,62.66,2124,955
03/10/2014,10:31:38.384,62.65,62.66,1002,955
03/10/2014,10:31:38.384,62.65,62.66,1002,324
03/10/2014,10:31:39.405,62.65,62.66,1002,325
03/10/2014,10:31:40.393,62.65,62.66,1002,750
03/10/2014,10:31:41.865,62.65,62.66,1017,750
03/10/2014,10:31:41.865,62.65,62.66,1017,1126
03/10/2014,10:31:42.917,62.65,62.66,1017,1256
03/10/2014,10:31:43.901,62.65,62.66,1017,440
03/10/2014,10:31:44.414,62.65,62.66,1592,440
03/10/2014,10:31:44.414,62.65,62.67,1592,2059
03/10/2014,10:31:44.909,62.65,62.66,1592,448
03/10/2014,10:31:45.853,62.65,62.66,1087,448
03/10/2014,10:31:46.428,62.65,62.66,1087,348
03/10/2014,10:31:46.919,62.65,62.66,902,348
03/10/2014,10:31:47.368,62.65,62.66,902,353
03/10/2014,10:31:48.430,62.66,62.66,3453,353
03/10/2014,10:31:48.430,62.66,62.67,3453,1990
03/10/2014,10:31:48.937,62.66,62.67,3469,1990
03/10/2014,10:31:49.950,62.66,62.67,3577,1990
03/10/2014,10:31:49.950,62.66,62.67,3577,2490
03/10/2014,10:31:50.891,62.66,62.67,3577,2492
03/10/2014,10:31:51.377,62.66,62.67,3577,2506
03/10/2014,10:31:52.889,62.66,62.68,3577,1093
03/10/2014,10:31:53.456,62.66,62.67,3577,2744
03/10/2014,10:31:53.973,62.66,62.67,3677,2744
03/10/2014,10:31:54.425,62.66,62.67,3677,2009
03/10/2014,10:31:54.988,62.66,62.68,3677,1733
03/10/2014,10:31:55.439,62.67,62.68,100,1733
03/10/2014,10:31:55.984,62.67,62.68,120,1733
03/10/2014,10:31:55.984,62.67,62.68,120,2091
03/10/2014,10:31:58.005,62.67,62.68,120,2450
03/10/2014,10:31:59.455,62.66,62.68,2873,2450
03/10/2014,10:31:59.455,62.66,62.67,2873,1981
03/10/2014,10:32:00.010,62.66,62.67,2873,2339
03/10/2014,10:32:00.944,62.66,62.67,3058,2339
03/10/2014,10:32:00.944,62.66,62.67,3058,2340
03/10/2014,10:32:01.959,62.66,62.67,2963,2340
03/10/2014,10:32:01.959,62.66,62.67,2963,2699
03/10/2014,10:32:05.522,62.66,62.67,2963,2713
03/10/2014,10:32:06.987,62.66,62.67,2963,3738
03/10/2014,10:32:07.532,62.66,62.67,2963,2604
03/10/2014,10:32:16.049,62.66,62.67,2963,2164
03/10/2014,10:32:18.993,62.66,62.67,2963,1964
03/10/2014,10:32:19.557,62.66,62.67,3445,1964
03/10/2014,10:32:19.557,62.66,62.68,3445,1576
03/10/2014,10:32:20.040,62.66,62.67,3445,1
03/10/2014,10:32:22.020,62.66,62.67,3630,1
03/10/2014,10:32:23.097,62.66,62.67,3630,15
03/10/2014,10:32:24.079,62.67,62.67,2244,15
03/10/2014,10:32:24.079,62.67,62.68,2244,1167
03/10/2014,10:32:31.069,62.67,62.68,2244,1478
03/10/2014,10:32:33.101,62.67,62.68,2498,1478
03/10/2014,10:32:35.109,62.67,62.68,2429,1478
03/10/2014,10:32:35.109,62.67,62.68,2429,1861
03/10/2014,10:32:35.599,62.67,62.68,2429,4735
03/10/2014,10:32:37.081,62.67,62.68,4329,4735
03/10/2014,10:32:37.081,62.67,62.68,4329,4326
03/10/2014,10:32:38.137,62.68,62.68,1175,4326
03/10/2014,10:32:38.137,62.68,62.69,1175,878
03/10/2014,10:32:38.640,62.67,62.69,2628,878
03/10/2014,10:32:38.640,62.67,62.69,2628,1890
03/10/2014,10:32:39.601,62.67,62.69,2813,1890
03/10/2014,10:32:39.601,62.67,62.69,2813,2378
03/10/2014,10:32:40.086,62.67,62.69,2628,2378
03/10/2014,10:32:40.171,62.67,62.69,2628,2126
03/10/2014,10:32:40.611,62.67,62.69,2628,2130
03/10/2014,10:32:41.652,62.67,62.69,2628,2510
03/10/2014,10:32:42.103,62.67,62.69,2628,2776
03/10/2014,10:32:44.181,62.67,62.69,2628,2510
03/10/2014,10:32:46.696,62.67,62.69,2646,2510
03/10/2014,10:32:47.147,62.67,62.69,2269,2510
03/10/2014,10:32:47.147,62.67,62.68,2269,2091
03/10/2014,10:32:48.161,62.67,62.68,2269,2353
03/10/2014,10:32:49.175,62.67,62.68,2269,3233
03/10/2014,10:32:51.689,62.67,62.68,1869,3233
03/10/2014,10:32:51.689,62.67,62.68,1869,3499
03/10/2014,10:32:52.140,62.67,62.68,2054,3499
03/10/2014,10:32:52.650,62.66,62.68,2487,3499
03/10/2014,10:32:52.703,62.66,62.67,2487,2438
03/10/2014,10:32:53.191,62.66,62.67,2487,2676
03/10/2014,10:32:53.723,62.66,62.67,2487,2700
03/10/2014,10:32:54.196,62.66,62.67,2487,2704
03/10/2014,10:32:54.646,62.66,62.67,2815,2704
03/10/2014,10:32:54.646,62.66,62.67,2815,3084
03/10/2014,10:32:55.155,62.66,62.67,2815,3268
03/10/2014,10:32:58.319,62.66,62.67,2815,4728
03/10/2014,10:33:02.169,62.66,62.67,2815,4663
03/10/2014,10:33:03.189,62.66,62.67,2815,4825
03/10/2014,10:33:04.680,62.66,62.67,2830,4825
03/10/2014,10:33:05.232,62.67,62.67,321,4825
03/10/2014,10:33:05.232,62.67,62.68,321,1748
03/10/2014,10:33:05.771,62.67,62.68,752,1748
03/10/2014,10:33:05.771,62.67,62.68,752,1162
03/10/2014,10:33:06.238,62.68,62.68,328,1162
03/10/2014,10:33:06.238,62.68,62.69,328,771
03/10/2014,10:33:06.768,62.68,62.69,130,771
03/10/2014,10:33:06.768,62.68,62.69,130,1208
03/10/2014,10:33:07.218,62.68,62.69,143,1208
03/10/2014,10:33:07.218,62.68,62.69,143,1210
03/10/2014,10:33:07.766,62.68,62.69,143,944
03/10/2014,10:33:08.240,62.68,62.69,143,1324
03/10/2014,10:33:10.261,62.68,62.69,143,1171
03/10/2014,10:33:10.795,62.68,62.69,391,1171
03/10/2014,10:33:11.290,62.68,62.69,322,1171
03/10/2014,10:33:11.290,62.68,62.69,322,1641
03/10/2014,10:33:16.277,62.68,62.69,322,3364
03/10/2014,10:33:18.793,62.68,62.69,340,3364
03/10/2014,10:33:19.261,62.68,62.69,340,3966
03/10/2014,10:33:19.748,62.68,62.69,340,4232
03/10/2014,10:33:21.326,62.67,62.69,1705,4232
03/10/2014,10:33:21.326,62.67,62.68,1705,1058
03/10/2014,10:33:21.776,62.67,62.68,1705,1779
03/10/2014,10:33:22.340,62.67,62.68,1705,1781
03/10/2014,10:33:23.276,62.67,62.68,1705,1903
03/10/2014,10:33:23.840,62.67,62.68,1705,2250
03/10/2014,10:33:24.832,62.66,62.68,2365,2250
03/10/2014,10:33:25.304,62.66,62.68,2457,2250
03/10/2014,10:33:25.304,62.66,62.68,2457,2429
03/10/2014,10:33:25.861,62.66,62.68,2388,2429
03/10/2014,10:33:26.798,62.66,62.68,2610,2429
03/10/2014,10:33:29.293,62.66,62.68,2610,3222
03/10/2014,10:33:29.834,62.67,62.68,222,3222
03/10/2014,10:33:29.834,62.67,62.68,222,1351
03/10/2014,10:33:30.325,62.67,62.68,338,1351
03/10/2014,10:33:30.888,62.67,62.68,338,1362
03/10/2014,10:33:31.895,62.66,62.68,1940,1362
03/10/2014,10:33:31.895,62.66,62.67,1940,124
03/10/2014,10:33:32.343,62.66,62.67,2041,124
03/10/2014,10:33:33.825,62.66,62.67,2041,538
03/10/2014,10:33:34.857,62.66,62.67,2002,538
03/10/2014,10:33:34.857,62.66,62.67,2002,549
03/10/2014,10:33:35.395,62.65,62.67,1790,549
03/10/2014,10:33:35.395,62.65,62.66,1790,2442
03/10/2014,10:33:35.846,62.65,62.66,1721,2442
03/10/2014,10:33:35.846,62.65,62.66,1721,2876
03/10/2014,10:33:37.346,62.65,62.66,1721,3496
03/10/2014,10:33:37.909,62.65,62.66,1721,3624
03/10/2014,10:33:38.390,62.65,62.66,1721,3677
03/10/2014,10:33:39.863,62.65,62.66,1721,3726
03/10/2014,10:33:43.890,62.65,62.66,1721,3741
03/10/2014,10:33:45.383,62.65,62.66,1721,4361
03/10/2014,10:33:52.390,62.65,62.66,1721,6224
03/10/2014,10:33:53.405,62.65,62.66,1721,6844
03/10/2014,10:33:54.419,62.65,62.66,1721,6979
03/10/2014,10:33:55.997,62.65,62.66,1987,6979
03/10/2014,10:33:55.997,62.65,62.66,1987,4386
03/10/2014,10:33:57.038,62.65,62.66,2116,4386
03/10/2014,10:33:57.038,62.65,62.67,2116,630
03/10/2014,10:33:57.981,62.65,62.67,2116,1001
03/10/2014,10:33:58.432,62.65,62.67,2116,1005
03/10/2014,10:33:58.996,62.66,62.67,4180,1005
03/10/2014,10:33:58.996,62.66,62.67,4180,685
03/10/2014,10:33:59.940,62.66,62.67,4180,1056
03/10/2014,10:34:01.475,62.65,62.67,1883,1056
03/10/2014,10:34:01.475,62.65,62.67,1883,1507
03/10/2014,10:34:02.450,62.66,62.67,200,1507
03/10/2014,10:34:02.450,62.66,62.69,200,517
03/10/2014,10:34:02.996,62.66,62.69,200,1787
03/10/2014,10:34:03.552,62.66,62.69,200,1540
03/10/2014,10:34:04.998,62.65,62.69,1952,1540
03/10/2014,10:34:04.998,62.65,62.68,1952,645
03/10/2014,10:34:05.477,62.65,62.68,1952,874
03/10/2014,10:34:07.079,62.65,62.68,2072,874
03/10/2014,10:34:07.536,62.65,62.68,2072,876
03/10/2014,10:34:07.987,62.65,62.68,2072,1235
03/10/2014,10:34:09.597,62.65,62.68,2272,1235
03/10/2014,10:34:09.597,62.65,62.68,2272,925
03/10/2014,10:34:10.050,62.65,62.68,2072,925
03/10/2014,10:34:10.050,62.65,62.68,2072,1851
03/10/2014,10:34:10.500,62.65,62.68,2072,1853
03/10/2014,10:34:13.102,62.65,62.68,2072,2279
03/10/2014,10:34:13.563,62.65,62.68,1772,2279
03/10/2014,10:34:17.597,62.65,62.68,1772,2899
03/10/2014,10:34:18.086,62.65,62.68,1703,2899
03/10/2014,10:34:18.086,62.65,62.66,1703,1510
03/10/2014,10:34:19.100,62.65,62.66,1703,1242
03/10/2014,10:34:20.023,62.65,62.66,1703,1599
03/10/2014,10:34:21.565,62.64,62.66,1964,1599
03/10/2014,10:34:21.565,62.64,62.65,1964,1843
03/10/2014,10:34:22.052,62.64,62.65,1964,2200
03/10/2014,10:34:22.616,62.64,62.65,1964,1597
03/10/2014,10:34:23.067,62.64,62.65,1964,1599
03/10/2014,10:34:24.080,62.64,62.65,1964,1634
03/10/2014,10:34:25.576,62.64,62.65,1964,1648
03/10/2014,10:34:26.064,62.65,62.65,1421,1648
03/10/2014,10:34:26.064,62.65,62.67,1421,2192
03/10/2014,10:34:26.667,62.65,62.67,1421,2193
03/10/2014,10:34:28.584,62.65,62.67,1421,785
03/10/2014,10:34:33.594,62.65,62.67,1434,785
03/10/2014,10:34:33.594,62.65,62.67,1434,791
03/10/2014,10:34:34.158,62.64,62.67,2221,791
03/10/2014,10:34:34.158,62.64,62.66,2221,6
03/10/2014,10:34:35.639,62.64,62.66,2221,453
03/10/2014,10:34:36.130,62.63,62.66,1852,453
03/10/2014,10:34:36.130,62.63,62.64,1852,6
03/10/2014,10:34:36.693,62.63,62.66,1852,1110
03/10/2014,10:34:42.145,62.62,62.66,3391,1110
03/10/2014,10:34:43.737,62.62,62.66,4390,1110
03/10/2014,10:34:44.736,62.62,62.66,4024,1110
03/10/2014,10:34:45.154,62.62,62.66,4024,1124
03/10/2014,10:34:46.154,62.62,62.66,3024,1124
03/10/2014,10:34:46.154,62.62,62.66,3024,1125
03/10/2014,10:34:47.166,62.62,62.66,2824,1125
03/10/2014,10:34:50.157,62.62,62.66,2783,1125
03/10/2014,10:34:50.157,62.62,62.65,2783,1181
03/10/2014,10:34:50.679,62.62,62.65,2783,1267
03/10/2014,10:34:51.241,62.63,62.65,999,1267
03/10/2014,10:34:51.241,62.63,62.65,999,1269
03/10/2014,10:34:53.721,62.63,62.65,831,1269
03/10/2014,10:34:58.306,62.62,62.65,1753,1269
03/10/2014,10:35:01.713,62.64,62.65,2000,1269
03/10/2014,10:35:01.713,62.64,62.65,2000,861
03/10/2014,10:35:06.286,62.64,62.65,2000,1357
03/10/2014,10:35:06.831,62.63,62.65,453,1357
03/10/2014,10:35:06.831,62.63,62.65,453,1671
03/10/2014,10:35:07.300,62.63,62.65,384,1671
03/10/2014,10:35:07.300,62.63,62.64,384,1430
03/10/2014,10:35:07.769,62.63,62.64,384,1459
03/10/2014,10:35:08.256,62.63,62.64,384,1461
03/10/2014,10:35:09.352,62.63,62.64,384,1805
03/10/2014,10:35:10.353,62.62,62.64,2134,1805
03/10/2014,10:35:11.290,62.62,62.63,2134,1116
03/10/2014,10:35:11.853,62.62,62.63,2134,1148
03/10/2014,10:35:12.307,62.62,62.63,2134,1150
03/10/2014,10:35:20.408,62.62,62.63,1364,1150
03/10/2014,10:35:20.408,62.62,62.64,1364,502
03/10/2014,10:35:21.341,62.62,62.64,1364,515
03/10/2014,10:35:28.380,62.62,62.64,1364,1449
03/10/2014,10:35:28.900,62.62,62.64,1364,1566
03/10/2014,10:35:30.390,62.62,62.64,1363,1566
03/10/2014,10:35:30.390,62.62,62.63,1363,620
03/10/2014,10:35:30.944,62.62,62.63,1363,647
03/10/2014,10:35:33.889,62.62,62.63,1363,764
03/10/2014,10:35:36.454,62.62,62.63,1363,778
03/10/2014,10:35:38.447,62.62,62.63,371,778
03/10/2014,10:35:38.447,62.62,62.63,371,739
03/10/2014,10:35:38.942,62.62,62.63,364,739
03/10/2014,10:35:42.434,62.59,62.63,3685,739
03/10/2014,10:35:42.434,62.59,62.61,3685,595
03/10/2014,10:35:43.000,62.61,62.61,1160,595
03/10/2014,10:35:43.000,62.61,62.63,1160,330
03/10/2014,10:35:44.503,62.6,62.63,169,330
03/10/2014,10:35:44.503,62.6,62.63,169,713
03/10/2014,10:35:46.933,62.6,62.63,92,713
03/10/2014,10:35:48.021,62.59,62.63,3931,713
03/10/2014,10:35:48.477,62.63,62.63,930,713
03/10/2014,10:35:48.477,62.63,62.64,930,472
03/10/2014,10:35:49.030,62.63,62.64,165,472
03/10/2014,10:35:49.946,62.63,62.64,165,589
03/10/2014,10:35:50.968,62.63,62.64,165,605
03/10/2014,10:35:52.540,62.62,62.64,247,605
03/10/2014,10:35:52.540,62.62,62.64,247,967
03/10/2014,10:35:52.983,62.62,62.64,247,820
03/10/2014,10:35:54.488,62.62,62.65,247,713
03/10/2014,10:35:55.503,62.62,62.65,247,714
03/10/2014,10:35:55.968,62.63,62.65,200,714
03/10/2014,10:35:55.968,62.63,62.65,200,694
03/10/2014,10:35:56.984,62.63,62.65,200,700
03/10/2014,10:35:58.041,62.63,62.65,200,308
03/10/2014,10:35:58.576,62.63,62.65,200,309
03/10/2014,10:36:00.589,62.63,62.65,200,1171
03/10/2014,10:36:01.073,62.63,62.65,213,1171
03/10/2014,10:36:02.063,62.62,62.65,322,1171
03/10/2014,10:36:02.063,62.62,62.65,322,1368
03/10/2014,10:36:02.593,62.62,62.65,253,1368
03/10/2014,10:36:02.593,62.62,62.65,253,2317
03/10/2014,10:36:03.012,62.62,62.65,248,2317
03/10/2014,10:36:05.532,62.62,62.65,448,2317
03/10/2014,10:36:05.532,62.62,62.64,448,290
03/10/2014,10:36:06.020,62.62,62.64,448,307
03/10/2014,10:36:06.583,62.63,62.64,200,307
03/10/2014,10:36:06.583,62.63,62.65,200,290
03/10/2014,10:36:07.034,62.63,62.65,201,290
03/10/2014,10:36:08.644,62.62,62.65,318,290
03/10/2014,10:36:08.644,62.62,62.64,318,910
03/10/2014,10:36:11.061,62.6,62.64,202,910
03/10/2014,10:36:11.061,62.6,62.62,202,290
03/10/2014,10:36:12.588,62.6,62.62,202,339
03/10/2014,10:36:14.079,62.59,62.62,3710,339
03/10/2014,10:36:15.083,62.59,62.62,3710,389
03/10/2014,10:36:15.585,62.59,62.62,3690,389
03/10/2014,10:36:15.585,62.59,62.62,3690,916
03/10/2014,10:36:16.586,62.59,62.62,3690,999
03/10/2014,10:36:18.099,62.59,62.62,3690,951
03/10/2014,10:36:19.679,62.59,62.62,3890,951
03/10/2014,10:36:19.679,62.59,62.62,3890,14
03/10/2014,10:36:20.676,62.6,62.62,300,14
03/10/2014,10:36:21.652,62.62,62.62,269,14
03/10/2014,10:36:21.652,62.62,62.66,269,347
03/10/2014,10:36:22.116,62.6,62.66,569,347
03/10/2014,10:36:22.116,62.6,62.65,569,359
03/10/2014,10:36:23.652,62.6,62.65,569,368
03/10/2014,10:36:24.124,62.6,62.65,569,727
03/10/2014,10:36:24.696,62.6,62.64,569,290
03/10/2014,10:36:25.153,62.6,62.64,569,1200
03/10/2014,10:36:25.691,62.6,62.64,369,1200
03/10/2014,10:36:25.691,62.6,62.63,369,1338
03/10/2014,10:36:26.212,62.6,62.63,369,1352
03/10/2014,10:36:27.685,62.6,62.63,569,1352
03/10/2014,10:36:27.685,62.6,62.64,569,1151
03/10/2014,10:36:28.691,62.6,62.64,569,1202
03/10/2014,10:36:29.155,62.6,62.64,569,1505
03/10/2014,10:36:32.218,62.6,62.64,369,1505
03/10/2014,10:36:32.218,62.6,62.63,369,719
03/10/2014,10:36:32.666,62.6,62.63,508,719
03/10/2014,10:36:32.666,62.6,62.63,508,1517
03/10/2014,10:36:33.168,62.6,62.62,508,153
03/10/2014,10:36:33.737,62.6,62.62,508,161
03/10/2014,10:36:34.188,62.6,62.62,508,81
03/10/2014,10:36:34.737,62.6,62.62,508,132
03/10/2014,10:36:37.249,62.6,62.63,508,1
03/10/2014,10:36:37.746,62.6,62.63,508,581
03/10/2014,10:36:40.756,62.6,62.63,508,1201
03/10/2014,10:36:45.219,62.61,62.63,200,1201
03/10/2014,10:36:45.219,62.61,62.64,200,1199
03/10/2014,10:36:47.288,62.61,62.64,365,1199
03/10/2014,10:36:47.288,62.61,62.64,365,1186
03/10/2014,10:36:48.782,62.6,62.64,1024,1186
03/10/2014,10:36:48.782,62.6,62.63,1024,1200
03/10/2014,10:36:49.239,62.61,62.63,302,1200
03/10/2014,10:36:49.239,62.61,62.64,302,1186
03/10/2014,10:36:50.266,62.61,62.64,302,1187
03/10/2014,10:36:50.743,62.61,62.64,302,1201
03/10/2014,10:36:51.749,62.61,62.64,302,1188
03/10/2014,10:36:52.321,62.61,62.64,302,1228
03/10/2014,10:36:56.267,62.61,62.64,283,1228
03/10/2014,10:36:56.267,62.61,62.63,283,909
03/10/2014,10:36:56.795,62.61,62.63,283,927
03/10/2014,10:36:57.342,62.61,62.63,283,967
03/10/2014,10:36:58.319,62.61,62.63,283,968
03/10/2014,10:36:58.830,62.61,62.63,283,1085
03/10/2014,10:37:00.341,62.61,62.63,483,1085
03/10/2014,10:37:00.341,62.61,62.64,483,1473
03/10/2014,10:37:00.840,62.61,62.64,483,1518
03/10/2014,10:37:01.796,62.61,62.64,483,1635
03/10/2014,10:37:04.867,62.61,62.64,283,1635
03/10/2014,10:37:04.867,62.61,62.64,283,1502
03/10/2014,10:37:06.357,62.61,62.64,294,1502
03/10/2014,10:37:07.380,62.61,62.63,294,949
03/10/2014,10:37:07.895,62.61,62.63,294,1488
03/10/2014,10:37:08.842,62.61,62.62,294,940
03/10/2014,10:37:09.893,62.61,62.62,294,942
03/10/2014,10:37:10.841,62.61,62.62,294,1382
03/10/2014,10:37:11.360,62.6,62.62,930,1382
03/10/2014,10:37:11.360,62.6,62.63,930,1502
03/10/2014,10:37:11.909,62.6,62.63,992,1502
03/10/2014,10:37:11.909,62.6,62.62,992,1
03/10/2014,10:37:12.348,62.6,62.62,992,15
03/10/2014,10:37:14.350,62.6,62.62,792,15
03/10/2014,10:37:15.429,62.6,62.62,722,15
03/10/2014,10:37:15.429,62.6,62.63,722,1571
03/10/2014,10:37:16.369,62.6,62.63,722,1572
03/10/2014,10:37:20.947,62.6,62.63,722,2192
03/10/2014,10:37:22.405,62.6,62.63,722,2265
03/10/2014,10:37:22.897,62.6,62.63,481,2265
03/10/2014,10:37:23.406,62.6,62.63,681,2265
03/10/2014,10:37:23.406,62.6,62.63,681,482
03/10/2014,10:37:23.931,62.59,62.63,3245,482
03/10/2014,10:37:23.931,62.59,62.63,3245,991
03/10/2014,10:37:25.974,62.59,62.63,3511,991
03/10/2014,10:37:27.465,62.6,62.63,269,991
03/10/2014,10:37:27.465,62.6,62.64,269,1829
03/10/2014,10:37:28.484,62.59,62.64,3045,1829
03/10/2014,10:37:28.484,62.59,62.63,3045,440
03/10/2014,10:37:28.934,62.59,62.63,3045,1652
03/10/2014,10:37:31.500,62.6,62.63,269,1652
03/10/2014,10:37:31.500,62.6,62.63,269,441
03/10/2014,10:37:35.505,62.6,62.63,223,441
03/10/2014,10:37:35.505,62.6,62.64,223,1912
03/10/2014,10:37:36.527,62.6,62.64,292,1912
03/10/2014,10:37:36.527,62.6,62.63,292,1500
03/10/2014,10:37:39.524,62.6,62.63,561,1500
03/10/2014,10:37:39.524,62.6,62.64,561,1272
03/10/2014,10:37:41.525,62.6,62.64,561,1712
03/10/2014,10:37:42.983,62.6,62.64,561,1630
03/10/2014,10:37:44.041,62.6,62.64,561,1644
03/10/2014,10:37:45.042,62.6,62.64,292,1644
03/10/2014,10:37:45.042,62.6,62.63,292,1638
03/10/2014,10:37:45.517,62.6,62.63,223,1638
03/10/2014,10:37:45.517,62.6,62.62,223,1058
03/10/2014,10:37:46.069,62.6,62.62,223,1513
03/10/2014,10:37:47.060,62.59,62.62,3045,1513
03/10/2014,10:37:48.023,62.59,62.61,3045,620
03/10/2014,10:37:49.077,62.59,62.61,3045,638
03/10/2014,10:37:50.060,62.59,62.61,3054,638
03/10/2014,10:37:51.573,62.59,62.61,3054,649
03/10/2014,10:37:52.046,62.59,62.61,2765,649
03/10/2014,10:37:52.573,62.59,62.61,2765,663
03/10/2014,10:37:53.074,62.59,62.61,2765,651
03/10/2014,10:37:55.603,62.59,62.61,2765,851
03/10/2014,10:37:58.076,62.59,62.61,2765,351
03/10/2014,10:37:58.557,62.59,62.61,2965,351
